2820 4716
601 174 819 237 „39-

121 351 201 416 satis
228 351 340 432 liquet,
369 371 464 433 qnam
490 352 648 417 notionem
674 351 824 433 Dionysio
853 371 925 416 oum
952 351 1177 434 Panopolitanc
1204 353 1297 433 poeta

121 479 323 524 communem
347 478 412 523 esse
437 478 473 523 ex
490 459 529 522 iis
549 478 627 540 quae
647 459 680 524 O.
698 459 844 523 Lehrsius
863 458 895 522 in
911 443 1036 537 Quaest.
1053 459 1138 542 Epic.
1154 459 1296 523 Addend.

120 584 152 648 p.
178 567 243 630 330
272 566 361 641 dicit,
389 566 565 648 perspicias.
593 603 630 612 -
658 558 831 649 αἱρέεσθαι
860 566 942 647 quod
968 567 1006 630 de
1029 567 1160 631 uocibus
1182 584 1296 630 eanum

120 672 263 754 (Theoer.
286 673 333 750 II,
358 674 408 738 35.
439 673 528 737 Bion.
553 673 583 744 Ι,
610 674 659 738 18.
691 672 824 738 Colluth.
851 673 926 757 117)
952 675 983 737 et
1005 674 1176 737 bestiarum
1199 672 1294 755 (Anat.

123 779 219 844 1124.
245 778 376 862 Oppian.
393 780 465 844 Hal.
481 780 505 856 Ι,
527 782 600 845 399.
625 778 730 858 Quint.
748 779 812 845 Sm.
829 780 900 855 XII,
921 780 993 845 518.
1018 779 1055 844 ef.
1076 778 1111 844 Ο.
1128 780 1297 844 Schneider

120 886 156 949 in
179 885 300 953 Gallim.
321 887 363 958 ΙΙ,
387 907 416 969 p.
439 888 502 950 598
526 887 603 969 seq.)
627 887 749 966 dieitur,
772 887 890 970 poetice
912 886 1082 969 Dionysius
1105 908 1134 953 u.
1156 888 1196 950 83
1220 883 1296 963 ,τὸν

121 989 159 1056 δὲ
182 984 256 1073 μέτ’
280 985 424 1077 ὠρύεται
453 991 647 1079 Τυρσηνίδος
670 987 770 1074 οἶδμα
793 990 988 1079 θαλάσσηςιῑ
1016 994 1056 1057 οδ
1078 993 1172 1058 maris
1194 994 1295 1059 undas

120 1101 285 1164 transtulit
306 1104 344 1164 ut
361 1101 498 1182 Antipat.
519 1101 625 1167 sidon.
651 1103 684 1164 in
702 1102 737 1164 A.
756 1101 790 1166 P.
809 1101 865 1177 XI,
887 1102 936 1178 31,
956 1102 975 1163 2
1001 1093 1128 1185 ,μλρύον
1146 1100 1258 1181 κῦμα“.
1270 1101 1295 1183 ⁹)

549 1360 868 1370 —n—u———nn-u.

602 1564 737 1631 CAPUT
760 1565 814 1628 IV.

197 1740 280 1849 DE
317 1739 572 1852 oooleos
606 1740 898 1852 olooYolo
931 1739 1223 1852 PROPRIIS

372 1945 431 2016 nn
460 1943 745 2018 enaioeieos
774 1942 1042 2037 QUIBUSDAM

92 2089 94 2094 ·
153 2085 200 2157 ei
229 2085 323 2158 oon
350 2083 701 2160 Icnmnmnms
729 2070 893 2160 Poenis
921 2073 1266 2164 consociatae

209 2294 406 2358 Recentiores
437 2298 546 2377 poetae
577 2315 650 2360 eum
679 2295 803 2376 ingenio
831 2294 1055 2359 uetustioribus
1083 2298 1189 2359 essent
1214 2294 1295 2360 infe-

121 2399 213 2464 riores
238 2400 378 2466 doctrina
396 2404 488 2483 atque
508 2404 572 2466 erte
592 2403 768 2479 studebant,
791 2402 959 2466 lectoribus
978 2403 1100 2484 plaeere
1119 2403 1151 2466 et
1168 2402 1292 2466 laudem

122 2507 178 2571 sibi
201 2525 323 2590 parare,
347 2509 452 2589 itaque
475 2511 636 2575 uocabulis
658 2530 720 2574 non
743 2509 852 2592 paucis
875 2527 990 2573 nouam
1007 2507 1180 2573 induebant
1197 2509 1293 2591 signi-

209 2684 231 2753 ⁹)
251 2683 313 2738 Non
331 2701 390 2737 raro
408 2687 501 2753 poetae
514 2686 592 2739 rebus
604 2685 728 2738 inanimis
741 2703 772 2740 ea
784 2702 850 2756 quae
862 2684 982 2739 homines
994 2688 1041 2738 aut
1052 2684 1177 2738 animalia
1189 2684 1291 2749 decent,

120 2772 281 2837 tribuerunt3
294 2774 332 2827 sio
344 2775 396 2828 iam
408 2774 514 2828 Homer.
524 2775 555 2828 ll.
566 2775 637 2839 XIV,
650 2774 704 2827 394
716 2777 790 2842 κῦμα
803 2771 879 2843 βοάᾳ
891 2774 975 2840 XVII,
988 2775 1040 2829 265
1053 2769 1144 2838 ἠιόνες
1156 2771 1290 2847 βοόιοσιν,

120 2878 196 2930 quem
215 2864 300 2916 secuti
317 2863 380 2917 Hes.
400 2864 467 2933 Opp.
487 2866 538 2916 511
559 2865 616 2931 βοᾷ
635 2861 684 2929 ὕλη
703 2864 790 2935 Apoll.
809 2863 859 2918 Rh.
875 2864 911 2928 ΙΙ,
931 2864 983 2917 554
1001 2860 1080 2931 βόων
1099 2859 1184 2914 ἀκταί
1201 2863 1290 2928 Quint.

120 2951 171 3006 Sm.
185 2953 219 3013 II,
232 2953 285 3006 352
303 2949 410 3019 βοόωσι
424 2949 565 3024 χαράδραι
582 2954 628 3018 VI,
648 2955 700 3008 332
719 2951 827 3021 κύματα
842 2950 975 3023 βοόωντα
994 2953 1026 3007 of.
1039 2953 1116 3007 Hom.
1130 2953 1178 3008 Od.
1193 2953 1224 3018 X,
1238 2954 1290 3007 227

120 3037 243 3092 δαπεδόν
262 3037 456 3111 ἀμφιμέμυκεν
473 3042 536 3096 Hes.
549 3042 616 3112 Opp.
630 3043 690 3097 508.
705 3046 808 3110 μέμυκε
827 3040 857 3094 δὲ
874 3055 942 3112 γαῖα
962 3046 1008 3093 καὶ
1021 3039 1071 3107 ὕλη
1091 3043 1175 3097 Tzotz.
1189 3043 1224 3098 Η,
1237 3044 1290 3098 468

119 3132 186 3196 μῦκε
206 3126 235 3181 δὲ
248 3143 315 3199 γστα
335 3130 447 3200 Oppian.
459 3131 521 3186 Hal.
530 3131 578 3196 III,
591 3133 641 3185 461
657 3134 729 3200 κῦμα
742 3135 871 3200 μέμυκεν.
899 3132 1019 3186 Eundem
1031 3132 1164 3201 poeticum
1176 3133 1289 3186 colorem

120 3220 264 3284 obseruare·
279 3221 342 3273 licet
364 3221 392 3274 in
414 3221 492 3276 Hom.
515 3222 546 3276 Il.
565 3220 642 3286 XIX,
666 3223 718 3276 362
739 3219 854 3291 γέλασσε
875 3218 903 3272 δὲ·
922 3222 998 3272 πᾶσα
1017 3223 1082 3291 περὶ
1100 3217 1197 3284 χθών,
1221 3221 1289 3290 quod

118 3308 215 3362 imitati
234 3313 298 3362 sunt
315 3313 405 3363 auctor
416 3310 494 3364 Hom.
508 3310 578 3378 hym.
592 3311 624 3376 V,
646 3312 678 3364 14
696 3323 763 3380 γαῖα
783 3307 812 3361 δὲ
831 3305 895 3361 πᾶσ’
916 3306 1044 3379 ἐγέλασσε
1063 3312 1108 3359 καὶ
1121 3305 1207 3375 οἶδμα
1220 3308 1288 3362 oct.

119 3395 235 3464 Theogn.
255 3399 271 3450 9
290 3396 419 3466 ἐγέλασσε
437 3395 467 3450 δὲ
484 3412 552 3468 γαῖα
570 3400 658 3458 Νο1111.
674 3401 751 3476 Dion.
764 3399 822 3466 VII,
841 3401 901 3454 344.
922 3399 1006 3463 XXII,
1026 3399 1050 3452 7.
1069 3397 1217 3464 XXXVIII,
1236 3399 1289 3454 416

116 3498 183 3553 γαῖα
198 3482 228 3537 δὲ
242 3488 317 3538 πᾶσα
331 3484 446 3556 γέλασσε
461 3486 551 3553 QuInt.
566 3490 619 3543 Sm.
631 3491 667 3555 H,
681 3490 733 3543 210
746 3487 813 3558 γελᾷ
828 3492 892 3560 πέρι
905 3500 972 3558 γατα
987 3491 1033 3539 καὶ
1047 3485 1138 3559 αἰθήρ
1152 3487 1198 3555 VI,
1213 3491 1230 3543 3
1244 3491 1287 3558 γέ-

117 3573 198 3626 λασσε
217 3572 247 3627 δὲ
264 3590 332 3645 γαῖα
352 3581 397 3628 καὶ
416 3575 506 3649 αἰθήρ
529 3577 561 3634 cI.
581 3578 687 3634 Hosiod,
706 3579 806 3647 Theog.
825 3580 860 3632 40
877 3575 944 3647 γελᾷ
964 3573 993 3628 δέ
1011 3597 1042 3628 τε
1061 3574 1180 3644 δώματα
1199 3578 1286 3648 Apoll.

116 3664 166 3718 Rh.
181 3666 226 3728 lv,
242 3666 307 3719 1171
328 3663 479 3735 ἐγέλασσαν
493 3663 592 3733 ἠϊόνες.
616 3669 693 3722 Hom.
705 3668 774 3737 hym.
789 3669 809 3734 I,
825 3668 875 3721 118
888 3663 1000 3733 μείδησε
1014 3663 1043 3718 δέ
1054 3663 1113 3736 γαῖ’
1129 3664 1287 3740 ὑπένερθεν

118 3753 228 3824 Oppian.
242 3755 303 3808 Hel.
316 3757 336 3819 I,
355 3757 407 3808 459
427 3757 518 3828 εἴαρος
537 3748 608 3828 ὧραι
625 3754 779 3825 γελάσωσιν
797 3757 884 3810 Nonn.
898 3757 976 3811 Dion.
991 3756 1139 3822 XXXVIII,
1158 3757 1211 3810 422
1230 3757 1285 3825 έγέ-

117 3840 222 3896 λασσαν
245 3839 336 3894 dicat
362 3845 474 3912 Meleag.
498 3847 526 3899 in
549 3847 580 3899 A.
600 3848 629 3900 P.
649 3847 701 3912 IX,
724 3848 785 3910 363,
804 3848 821 3900 6
845 3843 975 3912 λειμῶνες
992 3843 1136 3915 γελόωσιν.
1163 3847 1284 3915 Aeschyl.

117 3932 249 3986 Prometh.
268 3934 302 3986 90
325 3931 448 4002 γέλασμα
471 3931 611 4001 κυμάτων.
639 3935 696 3990 Aac.
716 3939 750 3988 tr.
769 3936 821 3989 572
839 3953 892 4005 seq.
918 3937 1074 4001 „suauisona
1096 3936 1160 3990 echo
1184 3936 1287 4005 crepitu

117 4021 255 4090 clangente
274 4023 438 4077 cachinnat“.
466 4023 676 4090 Caeninum,
695 4024 747 4078 273
767 4025 835 4090 „leni
854 4028 979 4079 resonant
997 4025 1119 4094 clangore
1138 4025 1284 4081 caehinni“.

205 4130 226 4196 ¹)
245 4130 359 4184 Nomina
381 4132 498 4201 propria,
521 4149 587 4200 quae
609 4132 639 4185 in
656 4131 778 4200 DIonysii
800 4133 930 4201 periegesi
953 4136 1059 4187 tantum
1077 4136 1192 4198 exstent,
1216 4134 1285 4188 unde

116 4219 212 4289 partim
226 4223 357 4276 uenerunt
369 4220 397 4275 in
410 4220 483 4277 Festi
497 4224 524 4278 et
536 4221 666 4278 Prisciani
679 4222 819 4288 uersiones,
837 4221 970 4276 Eustathii
983 4223 1190 4287 commentarios,
1205 4223 1284 4278 Nice·
