2820 4716
640 208 859 270 ..25-

161 385 285 462 formae,
309 386 489 468 saepissime
507 386 722 468 producuntur
739 386 772 448 in
791 387 915 450 casibus
936 386 1068 467 obliquis
1086 387 1119 449 in
1138 408 1241 472 -ηρος,
1266 410 1338 472 -ηρι

166 497 234 569 ete,
259 492 296 558 cf.
322 511 402 574 quae
431 493 673 574 disputauerunt
695 493 727 558 Il.
753 493 783 558 S.
806 495 903 557 Lehrs
930 494 962 557 in
988 493 1089 557 bucol.
1114 497 1146 557 et
1168 494 1230 557 did.
1252 496 1337 577 poet.

161 600 186 677 I,
209 621 239 683 p.
264 601 309 663 VI
333 618 395 680 seq.
420 602 451 662 et
475 598 509 664 Ο.
535 599 711 664 Schneider.
735 601 768 662 in
792 600 913 666 Gallim.
938 602 963 676 I,
986 621 1014 683 p.
1031 601 1094 665 407
1120 620 1184 682 seq.
1206 602 1338 684 Dionys.

162 707 270 770 eadem
285 706 494 770 inconstantia
509 709 603 787 atque
620 705 673 769 alii
689 726 718 769 u.
732 707 795 770 455
813 706 977 790 ναετῆρες,
995 727 1025 770 ιι.
1039 708 1111 784 373,
1127 708 1209 771 1111
1228 709 1340 773 autem

162 814 284 890 ναέται,
306 832 335 876 u.
352 814 425 877 224.
442 814 515 877 397.
529 814 592 876 952
615 807 772 890 ἐνναέται,
796 807 981 896 ἐνναέτῃσιν
1001 815 1033 877 et
1047 832 1077 877 n.
1096 814 1158 877 751
1177 811 1340 899 τοξευτής

161 920 194 983 in
223 939 317 984 usum
348 919 482 983 uocauit.
513 956 552 964 —
582 920 629 982 Hx
656 919 862 983 adiectiuis
892 921 1001 983 notaui
1029 939 1059 985 u.
1095 920 1157 984 710
1189 914 1339 1007 ἒμπορίη

162 1023 334 1111 πατρώϊος
350 1045 386 1091 ex
401 1045 461 1090 usu
477 1026 754 1090 Alexandnnorum
769 1028 933 1108 poetarum
949 1045 967 1090 a
982 1027 1132 1109 Dionysi0
1151 1027 1339 1105 admissum,

162 1152 240 1213 quos
263 1153 299 1197 ex
322 1133 458 1209 Homeri,
482 1133 620 1209 Hesiodi,
648 1133 838 1214 tragicorum
861 1134 1085 1197 consuetudme
1108 1133 1205 1196 trium
1227 1135 1340 1198 termi-

161 1240 326 1303 nationum
342 1240 503 1304 adiectiuis
525 1259 586 1304 non
601 1241 710 1321 paucis
727 1241 804 1304 duas
825 1243 949 1303 tantum
965 1241 1099 1305 tribuere
1115 1242 1226 1304 notum
1243 1243 1293 1305 est
1301 1241 1338 1324 ⁷).

252 1487 272 1554 ⁷)
292 1477 331 1540 De
344 1486 533 1539 adieetiuorum
546 1487 574 1539 in
592 1477 641 1545 Im,
662 1478 730 1545 οἶοὲ,
750 1477 812 1545 ιιι-οξ,
832 1479 893 1554 ι’μ-ος
911 1487 1112 1540 tormInatorum
1125 1487 1248 1552 motione,
1269 1504 1339 1557 quae

161 1578 265 1629 exstant
292 1575 362 1645 apud
390 1575 529 1644 scriptores
554 1592 635 1645 usque
659 1576 691 1629 ad
714 1575 856 1629 Alexandri
880 1576 973 1644 Magni
997 1578 1112 1629 aetatem
1126 1576 1339 1630 ··accuratissims

162 1664 286 1718 disseruit
308 1664 399 1717 Wirth
423 1665 578 1735 „Leipziger
600 1665 727 1719 Studion“
751 1667 814 1718 tom.
832 1665 885 1729 III,
909 1666 996 1718 minus
1019 1668 1142 1719 accurate
1167 1682 1197 1718 ex
1220 1665 1339 1719 Alexam

161 1753 244 1806 drinis
269 1753 354 1822 poetis
379 1754 569 1807 adiectiuorum
594 1755 622 1807 in
647 1746 689 1812 ο-ς,
714 1745 756 1812 ὦ,
781 1746 817 1808 ἧς
842 1755 993 1807 exeuntium
1018 1754 1123 1823 utrique
1148 1755 1240 1821 generi
1266 1772 1339 1809 com-

160 1842 279 1895 munium
304 1844 420 1912 exempla
445 1843 608 1910 congessisse
633 1843 710 1896 uideo
733 1844 766 1897 R.
789 1844 980 1897 Volkmannum
1004 1844 1032 1895 In
1057 1842 1154 1897 Comm.
1178 1843 1225 1913 Ep.
1249 1860 1276 1914 p.
1301 1846 1339 1899 60

161 1948 227 2000 seq.;
247 1932 416 2001 quamohrem
435 1932 467 1985 ab
486 1949 516 1984 eo
536 1933 631 1985 omissa
649 1949 715 2001 quae
733 1932 802 1986 forte
821 1933 932 1986 collecta
950 1932 1043 1996 habeo,
1063 1931 1164 1986 addam.
1197 1931 1264 1986 Cum
1279 1933 1338 1987 Ho-

138 2020 257 2073 'nlerico
281 2016 377 2074 κλυτός
394 2015 553 2092 Ἀμφιτρίτη
574 2021 632 2089 (Od.
652 2021 683 2086 V,
702 2020 766 2088 422)
786 2024 813 2074 ot
835 2017 931 2073 κλυτός
947 2016 1129 2087 Ἱπποδάμεια
1154 2021 1195 2088 (ll.
1215 2022 1250 2087 H,
1272 2022 1337 2090 742)

162 2108 319 2162 conferenda
342 2111 405 2162 sunt
427 2106 522 2164 κλυτός
538 2105 681 2180 Ὠρείθυια
706 2111 734 2163 in
753 2108 833 2178 Orph.
853 2108 917 2177 Arg.
939 2110 991 2162 220
1010 2112 1038 2162 et
1056 2106 1152 2163 κλυτός
1168 2106 1338 2181 Ὑψιπύλεια

161 2199 190 2252 in
208 2198 299 2251 eodem
318 2199 335 2252 l.
354 2215 376 2251 e.
396 2198 457 2263 476,
476 2199 515 2252 sic
533 2199 679 2252 rectissime
698 2215 713 2252 a
731 2197 762 2253 G.
782 2197 934 2251 Hermanno
953 2201 1082 2258 correcta:
1106 2199 1133 2252 in
1150 2198 1261 2253 Homeri
1278 2216 1338 2254 car·

160 2287 276 2341 minibus
294 2291 430 2357 praeterea
448 2291 553 2342 exstant
571 2285 672 2360 πικρόν
690 2284 782 2353 ὀδμήν
801 2287 849 2342 Od.
868 2288 914 2352 lV,
933 2289 994 2354 406,
1013 2284 1169 2342 ὀλοώτατος
1188 2284 1261 2355 όὸμή
1282 2287 1335 2344 Od.

160 2378 206 2441 IV,
228 2377 293 2440 442,
316 2376 476 2430 Hesiodsum
499 2374 606 2447 θερμός
629 2372 719 2443 ἀυτμή
745 2376 856 2445 (Theog.
882 2379 945 2445 696)
968 2379 1083 2431 occurrit
1105 2379 1185 2431 etiam
1208 2379 1237 2432 in
1262 2379 1337 2447 hym.

160 2465 237 2519 Hom.
251 2465 300 2532 n1,
323 2467 385 2529 1103
405 2466 495 2519 omisit
511 2465 691 2519 Volkmannus
711 2462 788 2537 ἱερόν
807 2461 895 2530 ἀκτήν
913 2465 976 2520 Hes.
992 2467 1057 2536 Opp.
1073 2467 1132 2520 597.
1152 2467 1213 2532 805,
1225 2464 1337 2535 4βλοσυ-

161 2551 208 2625 ρόε
227 2557 254 2608 et
273 2550 404 2623 ὃαφοινότ
422 2553 484 2607 Hos.
504 2557 570 2608 scut.
590 2556 650 2608 250.
688 2554 753 2610 Cum
771 2553 900 2607 Nicandri
919 2555 966 2610 Th.
989 2555 1040 2608 173
1058 2553 1138 2627 χροιή
1159 2552 1253 2610 αἰόλος
1272 2572 1337 2610 0011-

161 2643 298 2698 ferendum
316 2646 359 2695 est
377 2639 469 2697 αἰόλοι
482 2634 547 2715 Ἰρις
565 2644 593 2697 in
609 2643 698 2710 Quint.
717 2644 771 2696 Sin.
783 2643 843 2707 XII,
864 2644 926 2702 193ς
946 2641 1132 2698 eCalIimacho
1148 2644 1228 2698 effero
1247 2642 1338 2697 νόθοι

161 2729 257 2784 ἀοιδαί
273 2731 304 2786 fr.
319 2733 379 2797 279,
398 2732 467 2801 quod
480 2733 603 2786 imitatur
621 2749 674 2786 non
687 2733 799 2785 Nonnus
817 2729 906 2783 νόθαι
924 2733 1002 2786 Dion.
1015 2733 1061 2797 IV,
1077 2734 1127 2788 167
1141 2737 1169 2788 et
1180 2735 1337 2804 saepissime

161 2818 237 2886 νόθη
262 2838 390 2891 usurpans
414 2821 457 2890 (cl.
482 2821 564 2876 Neela.
591 2822 623 2875 de
646 2821 749 2876 Gallim.
772 2822 837 2876 Hoc.
856 2839 881 2890 p.
902 2822 955 2889 34),
979 2821 1024 2874 sed
1048 2821 1186 2876 Colluthus
1212 2823 1266 2876 304
1284 2823 1337 2878 Ab.

161 2907 247 2961 νόθοι
272 2923 406 2978 γυναῖκες,
433 2911 479 2963 ubi
503 2927 591 2963 omnes
616 2911 717 2965 codices
737 2931 764 2961 οι
790 2911 924 2974 exhibent,
949 2911 1064 2979 optimus
1085 2911 1119 2962 M
1137 2908 1238 2975 νόθοις
1262 2914 1335 2983 apud

162 2997 263 3052 Gallim.
292 3002 427 3068 praeterea
454 3000 513 3053 uide
541 3001 566 3053 h.
591 2999 640 3063 IV,
668 3001 719 3053 236
749 2995 1058 3070 ἀποκλίνασα-λέχριος.
1104 3000 1137 3053 In
1164 2999 1338 3069 cynegeticis

161 3086 276 3157 Oppiani
298 3088 432 3142 femininis
455 3088 546 3142 formis
569 3093 660 3142 carent
682 3089 747 3142 haec
769 3088 900 3141 adiectiua
918 3087 970 3152 111,
994 3087 1046 3142 276
1070 3085 1163 3154 στεινή
1183 3084 1337 3146 δ’ἐκτάὸιοε

160 3177 181 3241 Ι,
201 3177 250 3229 271
272 3174 368 3249 μύριοι
388 3179 436 3228 aia
454 3179 499 3243 IV,
519 3181 536 3231 3
554 3174 650 3243 νόμιοί
667 3196 697 3227 τε
717 3179 851 3243 χαμεῦναι
870 3178 890 3241 Ι,
909 3178 962 3230 450
982 3174 1043 3246 σιγή
1063 3179 1193 3245 obstarem
1213 3196 1227 3232 θ
1244 3178 1336 3233 Noun.

160 3266 238 3319 Dion.
257 3266 313 3330 XV,
338 3267 390 3320 164
413 3263 511 3333 ὄλβιον
531 3263 629 3335 αἴγλην
652 3266 736 3320 laudo.
774 3266 835 3320 Alia
852 3267 970 3335 exempla
988 3267 1178 3320 adiectiuorum
1196 3268 1225 3320 in
1243 3259 1273 3322 οὲ
1291 3286 1337 3322 ex-

163 3355 281 3407 euntium
294 3355 364 3425 apud
373 3357 496 3424 tragicos,
509 3357 612 3424 lyricos,
626 3356 722 3409 atticos
731 3350 778 3426 qui
787 3355 912 3409 dicuntur
924 3356 1072 3425 scriptores,
1085 3372 1150 3425 quos
1159 3356 1338 3411 libentissime

162 3444 278 3497 uariasse
302 3445 502 3498 terminationes
525 3446 595 3498 inter·
618 3461 708 3498 omnes
731 3448 846 3508 constat,
869 3460 929 3498 cum
948 3445 998 3497 hoc
1017 3446 1073 3498 loco
1094 3446 1126 3498 de
1145 3445 1227 3513 epicis
1246 3447 1337 3514 poetis

162 3533 295 3596 disseram,
309 3534 428 3587 consulto
442 3551 457 3587 a
469 3550 510 3586 me
523 3538 586 3587 sunt
599 3534 702 3588 omissa.
720 3564 754 3571 —
772 3533 899 3587 Uenimus
912 3535 945 3586 ad
958 3534 1090 3587 adiectiua
1103 3534 1130 3587 in
1150 3525 1184 3588 αι’
1198 3535 1337 3600 exeuntia3

162 3638 177 3674 a
194 3622 225 3675 a.
245 3616 410 3675 Volkmanno
429 3623 542 3676 laudatis
561 3623 628 3676 adde
646 3622 722 3676 Hom.
743 3623 774 3677 Il.
793 3622 864 3687 XIX,
883 3622 925 3676 97.
943 3622 1042 3688 XXIH,
1061 3623 1114 3676 409
1134 3619 1222 3688 θῆλυς
1240 3624 1338 3682 ἐοῦσα,

163 3711 232 3780 quod
252 3712 373 3765 imItatus
391 3716 432 3765 est
449 3712 536 3767 Noun.
555 3712 634 3767 Dion.
653 3712 700 3776 XI,
721 3712 771 3765 152
790 3711 823 3765 of.
843 3713 959 3766 eiusdem
977 3712 1054 3765 Dion.
1069 3712 1150 3776 XLII,
1170 3713 1222 3766 207
1242 3711 1338 3778 θῆλυν

162 3796 289 3865 ἀπειλήν.
316 3801 428 3854 Hesiodi
446 3798 534 3873 θῆλυς
552 3801 632 3872 ἐέρση
651 3818 682 3854 ex
699 3801 776 3854 Hom.
797 3800 844 3855 od.
857 3801 889 3864 V,
907 3801 959 3855 467
978 3801 1054 3854 fluxIt
1072 3800 1104 3854 cf.
1124 3801 1210 3856 Treta.
1229 3803 1263 3856 Η.
1281 3803 1337 3858 459

162 3885 251 3953 θῆλυς
263 3887 378 3962 κραυγή,
397 3889 497 3943 Mosoh.
511 3890 558 3954 III,
574 3891 608 3944 83
621 3886 690 3941 ἁὸέα
703 3886 813 3960 πόρτιν,
834 3889 934 3944 Gallim.
953 3890 978 3944 h.
992 3891 1039 3956 IV,
1056 3890 1090 3944 37
1104 3887 1203 3958 βαθυν
1216 3888 1337 3964 τάφρον.

162 3977 288 4045 Neglexit
300 3980 479 4032 Volkmannus
498 3980 578 4033 etiam
597 3979 665 4047 [Asii
678 3968 758 4046 Sam]
778 3979 809 4032 de
829 3978 938 4033 Samior.
952 3980 1044 4034 morib.
1063 3979 1088 4032 fr
1117 3981 1150 4033 13
1170 3979 1210 4036 ed.
1229 3980 1337 4048 Xinlrel,

162 4069 179 4120 3
199 4065 286 4121 πεθόν
304 4066 411 4132 χθονός
429 4064 536 4140 εὐρέος,
549 4068 660 4139 Oppian.
679 4067 743 4136 Cyn.
762 4068 810 4132 IH,
829 4069 889 4121 323.
908 4064 1001 4141 εὐρέος
1019 4070 1080 4134 αἴης
1098 4072 1126 4122 et
1144 4069 1254 4138 Antiph.
1275 4071 1336 4137 Byz.

163 4157 190 4212 In
210 4157 241 4210 A.
261 4159 290 4213 P.
310 4158 356 4221 IX,
375 4158 472 4222 4133
491 4155 611 4227 μεγαλοιό
628 4176 658 4208 τε
677 4161 722 4208 καὶ
741 4152 838 4227 εὐρέες.
875 4157 976 4210 Deinde
995 4158 1104 4225 colligas
1122 4157 1200 4212 Hom.
1221 4158 1269 4212 Od.
1288 4159 1335 4224 IV,

163 4247 215 4305 509
229 4243 335 4301 accido
348 4242 388 4320 ἐφ’
403 4243 493 4318 ὑγρήν
506 4250 534 4300 et
546 4247 647 4302 Gallim.
661 4246 686 4304 h.
700 4247 746 4310 IV,
758 4246 793 4299 42
806 4243 906 4300 πολέας
919 4243 1036 4317 νύμφαι,
1051 4261 1114 4300 caue
1126 4262 1189 4301 uero
1201 4262 1336 4318 compares
