2820 4716
535 203 813 266 .-29-.

119 378 204 460 quod
219 378 412 444 adieetiuum
427 380 554 445 uerbale
574 399 641 444 esse
657 380 869 444 Buttmannus
886 378 1064 457 „Aushihrl
1082 399 1126 461 gr.
1139 377 1294 444 Gramm.“

117 485 143 562 Ι,
172 505 201 568 p.
226 487 291 550 264
319 487 458 569 putauit,
487 506 550 550 non
579 487 685 551 Ottoni
709 487 896 552 Schneidero
923 487 957 549 in
984 486 1106 552 Gallim.
1129 486 1153 552 I.
1176 507 1205 569 p.
1230 488 1293 550 360

117 593 318 676 persuadens,
342 594 396 675 qui
419 593 534 677 optime
558 585 714 673 ὅλβιστος
738 594 963 677 superlatiunm
977 593 1146 658 formatum
1170 612 1237 658 0000
1260 596 1295 657 01

118 695 332 786 ὕβριστοςῑῖ)
354 717 372 764 0
396 693 490 785 ὕβρις
514 701 627 777 (100011,
649 700 819 783 Dionysius
843 701 906 765 927
932 719 947 764 0
971 700 1093 766 Gallim.
1118 701 1147 763 h.
1168 700 1205 776 V,
1232 700 1292 763 117

117 808 218 872 00011.
236 845 275 853 -
301 807 569 872 Ρ10000110010
593 808 625 870 10
653 826 712 871 000
736 808 815 870 nihil
837 807 1066 871 obseruandum
1089 807 1213 871 uidetur
1234 807 1295 870 nisi

117 917 284 1000 σφέτερος
306 933 477 997 pronomen
502 935 532 978 n.
550 915 613 979 776
637 934 691 996 pro
715 910 769 988 ἑός
792 912 1037 996 usurpaturo),
1060 913 1143 994 quod
1165 915 1296 977 Alexan·

117 1022 218 1086 drinis
241 1021 397 1103 imprimis
421 1021 523 1104 poetis
546 1022 704 1105 proprium
732 1041 798 1086 esse
823 1021 973 1104 exemplis·
994 1023 1137 1084 aoeurate
1160 1021 1295 1085 oolleetis

118 1127 159 1194 0.
180 1127 350 1193 Schneider
373 1129 406 1191 in
432 1128 558 1194 Gallim.
576 1128 600 1204 I,
624 1148 653 1210 p.
674 1129 739 1192 244
767 1128 999 1192 demonstrauit.
1045 1127 1164 1191 Deinde
1187 1147 1296 1210 prono-

118 1236 216 1300 minis
245 1228 338 1309 ὅστις
366 1254 438 1299 eum
467 1229 504 1308 ὁς
532 1235 716 1299 commutati
739 1235 907 1299 notabilem
929 1235 1029 1298 habeo
1060 1254 1153 1297 usum
1175 1256 1205 1298 u.
1232 1235 1293 1297 106

118 1334 205 1427 ἄλλη
228 1334 268 1420 d',
284 1335 359 1427 ἥτις
382 1333 533 1427 ἆηαορὸν
555 1337 625 1418 ἔχει
648 1337 765 1426 πόρον,
789 1338 880 1416 ἔνδος
896 1336 1005 1418 ἐοῦσα,
1030 1360 1123 1422 quem
1140 1341 1295 1407 00011101.

117 1451 152 1513 h.
175 1450 215 1526 11,
240 1450 292 1513 23.
317 1447 371 1525 IV,
397 1449 460 1511 229
485 1447 521 1513 11.
546 1447 672 1513 CLXIV
694 1449 865 1532 Dionysius
888 1449 986 1513 nouit.
1012 1485 1052 1494 —
1079 1443 1216 1522 ἕκαστος
1238 1467 1294 1530 pro

119 1551 280 1641 ἑκάτερος
303 1556 423 1635 duobus
455 1554 763 1621 1001040101929
795 1557 847 1620 hio
870 1559 962 1636 poeta
984 1555 1123 1631 admisit,
1157 1556 1195 1619 ad
1219 1574 1294 1635 quos

118 1665 266 1728 Eustath.
295 1681 325 1744 p.
359 1664 433 1738 290,
466 1664 507 1726 39
542 1662 704 1727 0110010011
734 1655 816 1746 ,ὅρα
845 1659 879 1724 δὲ
912 1654 965 1723 ὅτι
989 1650 1133 1746 ὀφείλων
1156 1657 1295 1745 ἑκατέρα

119 1767 233 1835 εἰπεῖν
256 1765 311 1832 daei
334 1764 394 1854 τὴν
409 1765 544 1850 Αἰνείαν
566 1767 623 1830 καὶ
640 1765 777 1853 Σικελήν
792 1805 797 1815 ·
813 1763 872 1829 1111
895 1762 953 1830 δύο
976 1764 1039 1851 γὰρ
1063 1765 1295 1853 συλληπτικῶς

120 1876 253 1960 λέγεται
281 1873 319 1939 τὸ
348 1871 532 1960 ἑκάτερος·
558 1869 575 1938 ὁ
600 1873 635 1938 dt
663 1871 785 1960 ἑκάστη
814 1867 908 1937 εἶπεν
935 1867 1021 1958 ὅπερ
1050 1868 1107 1936 ἐπὶ
1137 1870 1295 1959 πλήθους

120 1981 228 2048 εἴωθε
252 1983 429 2065 λέγεσθαι“
453 1984 693 2047 010110101000
717 2003 745 2063 p.
769 1984 841 2053 382,
867 1983 886 2043 3
910 1974 980 2056 ,ὅτι
1004 1979 1059 2042 καὶ
1083 1976 1231 2043 ἐνταῦθα
1254 1977 1292 2043 τὸ

120 2087 245 2175 ἑκάστη
269 2081 343 2151 ἀντὶ
358 2089 417 2151 τοῦ
434 2084 572 2174 ἑκατέρα
588 2091 750 2167 τέθεικεν,
772 2084 877 2150 εἰπών
892 2086 972 2170 περὶ
988 2087 1047 2172 της
1064 2085 1224 2171 Περσίδος
1239 2085 1294 2149 καὶ

120 2190 273 2281 Ἀραβίας
292 2191 491 2280 θαλάσσης.
510 2241 516 2256 .
536 2242 542 2256 .
562 2242 568 2256 .
586 2191 623 2258 τὸ
645 2193 680 2258 δὲ
700 2187 807 2280 ὀρθὸν
829 2182 868 2279 ἦν
891 2189 1029 2278 ἑκατέρα
1053 2191 1170 2271 εἰπεῖν,
1196 2190 1226 2256 el
1248 2189 1293 2277 μὴ

122 2299 162 2367 τὸ
179 2306 300 2388 μέτρον
316 2297 508 2365 ἒκιόλοσον.“
532 2303 580 2367 Ad
593 2321 687 2384 quam
702 2301 861 2366 lieentiam
873 2300 1098 2365 defendendam
1114 2321 1150 2365 ex
1163 2302 1296 2364 Alexan-

124 2411 224 2475 drinis
254 2429 338 2473 nuno
361 2410 422 2473 duo
445 2412 569 2474 tantum
592 2410 670 2473 mihi
692 2411 815 2492 praesto
839 2410 913 2472 sunt
937 2406 1044 2486 Quinti
1068 2408 1132 2473 Sm.
1157 2408 1297 2490 exempla

123 2517 180 2595 ΙΠ,
199 2519 277 2581 718;
302 2512 350 2591 εἰς
369 2511 423 2578 ἑὸν
440 2508 558 2599 ἄντρον
575 2512 712 2590 ἕκαστος
729 2510 812 2596 ὁμσῦ
831 2517 983 2600 νεφέεσσι
1001 2517 1141 2600 φέροντο
1158 2515 1297 2597 (Βορέας

125 2628 157 2690 01
180 2624 342 2709 Ζέφυρος)
368 2623 405 2687 01.
430 2642 460 2686 0.
486 2624 549 2687 763
582 2642 655 2687 eum
677 2622 830 2704 Koeehlyi
861 2622 1059 2686 adnotatione
1089 2640 1119 2703 p.
1147 2622 1208 2684 188
1233 2638 1296 2700 seq.

125 2734 157 2796 01
179 2731 248 2800 VII.
272 2732 351 2795 234:
375 2720 512 2810 μυθεῖτ’
532 2721 696 2814 ἀτρεκέως
716 2725 829 2815 γενεὴν
851 2727 906 2791 καὶ
931 2719 1042 2808 οὔνομ’
1058 2723 1197 2790 ἑκάστου
1221 2727 1298 2810 (Me-

125 2837 209 2902 nelai
232 2841 264 2902 01
287 2837 407 2918 Ulixis).
433 2874 473 2883 -
497 2837 570 2903 Una
592 2837 680 2901 uerbi
698 2839 784 2898 ναίω
808 2835 906 2899 forma
921 2835 1071 2916 Dionysio
1094 2834 1216 2917 propria
1237 2835 1297 2926 hoe

124 2946 192 3009 loeo
208 2943 476 3009 commemoranda
494 2947 542 3007 001
557 2939 733 3028 νοιήσαντο
753 2963 782 3006 0.
800 2944 873 3019 349,
899 2959 993 3023 quam
1014 2933 1142 3026 ᾤκησαν
1165 2941 1298 3023 explieat

124 3051 313 3134 Hesychius,
340 3088 378 3098 -
403 3052 495 3114 Prae
503 3049 713 3132 positiones
736 3068 809 3113 oum
833 3049 902 3113 aliis
925 3049 1137 3122 0010000100,
1161 3048 1198 3111 10
1223 3065 1298 3128 qua-

124 3179 197 3224 rum
227 3178 286 3223 usu
314 3158 351 3224 01.
376 3157 525 3242 Spitzner.
553 3156 586 3218 in
609 3157 698 3220 lliad.
721 3157 847 3220 Exours
870 3154 988 3231 XVIII,
1020 3154 1150 3218 Lobeel.
1174 3154 1297 3218 Pethol.

126 3285 217 3330 serm.
244 3283 343 3347 grase
370 3266 524 3330 Element.
547 3265 578 3338 I,
610 3284 638 3346 p.
664 3264 725 3326 631
756 3282 833 3344 seq.,
862 3262 894 3328 C.
923 3262 1029 3325 Lehrs.
1058 3259 1182 3339 Quaest.
1211 3261 1297 3343 llpie.

124 3393 156 3455 p.
181 3374 245 3436 323
278 3391 350 3453 seq,
384 3372 417 3435 in
451 3371 597 3452 Dionysii
631 3371 766 3435 00110100
802 3371 859 3433 hae
895 3371 1017 3432 exstant
1050 3364 1173 3451 διαπρό
1206 3389 1236 3431 0.
1269 3369 1298 3444 5,

126 3473 255 3562 ἐπιτρό
280 3479 358 3556 216,
382 3473 530 3562 σεριττρό
557 3477 629 3540 961.
653 3514 694 3522 -
718 3477 871 3543 Uenimus
899 3476 938 3540 ad
961 3475 1184 3558 particulas,
1213 3494 1299 3538 oon-

128 3586 353 3661 iunotionss,
379 3584 568 3660 aduerbia,
593 3604 609 3648 0
630 3585 743 3665 quibus
760 3602 840 3665 quae
864 3600 1103 3647 commemorem
1128 3581 1222 3663 digna
1239 3583 1299 3645 hoo

125 3694 192 3757 loeo
216 3695 401 3756 asserantur.
449 3691 650 3773 Copulatiuae
673 3693 729 3752 κατ’
756 3691 927 3772 particulae
950 3689 1175 3764 traieetionem,
1201 3707 1297 3770 quam

125 3801 259 3865 libenter
281 3818 300 3863 0
322 3798 486 3863 serioribus
502 3799 599 3881 politis
616 3798 733 3879 graecis
752 3801 783 3862 et
797 3797 932 3860 romanis
948 3796 1102 3880 imprimis
1120 3799 1298 3878 Augusteae

218 3975 251 4043 1¹)
271 3974 303 4028 ef.
323 3971 431 4041 Gregor.
452 3972 568 4028 Corinth.
589 3973 629 4027 od.
647 3972 887 4041 Koenig·Sehaefer
905 3990 930 4042 p.
949 3973 1002 4026 896
1022 3989 1076 4042 seq.

219 4064 252 4132 ¹⁸)
271 4063 329 4117 Hoc
347 4061 494 4116 (1001010101
512 4079 541 4116 00
560 4061 629 4131 quod
653 4063 711 4116 101
730 4081 780 4130 σφε
803 4063 899 4131 stirpes
922 4061 1046 4130 primitus
1069 4060 1169 4113 1001101
1191 4059 1296 4112 eaedem

128 4151 160 4209 01.
174 4151 265 4208 60001.
282 4153 330 4215 „de
342 4152 525 4221 pronominum
537 4153 714 4221 personalium
732 4151 824 4204 formis
842 4155 870 4205 et
885 4168 933 4203 000
947 4150 1102 4203 Homerieo“
1122 4147 1194 4202 1011.
1208 4148 1295 4204 Curtii

128 4242 203 4296 Stud.
223 4241 283 4305 Vll,
302 4259 327 4311 p.
349 4242 400 4293 165
419 4256 490 4309 seqq.
