2820 4716
605 206 799 272 ..3-

117 406 197 452 neue
221 387 353 452 eonioiat
376 387 454 451 aiter·
476 405 667 469 anonymum
690 389 758 451 ludi
781 389 965 469 magistrum
994 387 1052 450 hoo
1075 384 1284 470 composuisse

116 496 208 577 idque
238 495 329 558 alieni
358 494 529 558 olarissimo
557 495 682 558 nomine
714 495 889 577 praeditum
913 483 1125 576 ¹peruulgasse.
1177 493 1285 556 Totius
1326 473 1327 479 ἵ

117 603 232 666 etenim
249 602 403 678 earminis',
422 591 464 664 ¹ut
479 602 685 665 elocutionem
705 601 805 683 ipsam
828 601 1082 684 praetermittam,
1107 619 1123 664 e
1143 600 1286 663 uersibus

116 728 177 772 non
202 709 267 772 sine
284 693 571 790 diligentia'politis
590 710 622 771 et
645 709 803 790 castigatis
821 709 891 771 luae
908 708 1020 770 elarius
1037 709 1166 788 apparet
1184 725 1286 786 neque

117 816 256 880 ieiunam
286 833 322 879 ao
353 816 490 879 sterilem
522 833 589 877 esse
625 815 781 896 epitomen
797 810 798 813 ’
815 833 915 895 neque
948 832 1023 896 opus
1053 813 1201 890 poetastri
1228 813 1287 875 mi-

117 923 291 991 serrimum.
330 922 438 1002 Neque
461 941 535 985 uero
558 921 607 984 Fr.
627 922 762 998 Ruehiii‚
786 922 839 1002 qui
862 922 882 984 l.
902 939 927 985 ο.
946 940 974 1002 p.
992 922 1034 982 85
1058 939 1121 1000 seq.
1144 921 1287 983 nostrum

118 1030 304 1111 Dionysium
318 1029 412 1092 etiam
423 1028 638 1112 Βασσαρικιῦν
650 1033 681 1091 et
692 1020 906 1112 ’θρνιθιοκῶν
914 1029 1071 1110 praeterea
1083 1027 1287 1110 Διοσημείιον

117 1137 149 1198 in
177 1137 236 1198 hoe
263 1136 366 1199 codiee
394 1136 529 1218 primum
558 1136 754 1199 laudatorum
779 1138 936 1197 auctorem
961 1153 1027 1197 esse
1057 1133 1154 1208 duait,
1184 1135 1287 1214 partes

118 1244 262 1324 suscipio,
288 1243 342 1305 sed
366 1261 435 1305 eum
453 1242 652 1324 Bemhardyo
672 1263 701 1324 p.
724 1243 787 1305 502
813 1261 896 1322 seqq.
918 1244 949 1304 et
963 1241 1112 1303 Muellero
1135 1259 1163 1321 p.
1184 1238 1288 1301 XXVI

118 1367 137 1411 a
168 1349 318 1430 Dionysio
349 1349 554 1412 Alexandrino
588 1350 675 1412 bonis
710 1352 746 1411 ut
782 1348 906 1411 uidetur
943 1346 1129 1410 testimoniis
1166 1345 1287 1428 nisusss)

119 1451 310 1539 Βασσαρικά
322 1447 550 1538 είὈρνιθιακά
563 1456 715 1531 abiudico,
724 1457 827 1519 tribuo
839 1456 867 1518 ei
876 1450 1071 1538 περιήγησιν
1081 1457 1113 1516 et
1124 1447 1287 1513 Λιβιανά.

118 1561 187 1640 Quo
213 1581 229 1625 e
253 1563 390 1625 earmine
415 1563 476 1625 duo
499 1562 672 1643 fragmenta
695 1581 714 1625 a
736 1563 886 1625 Muellero
911 1562 1006 1624 allata
1029 1562 1116 1635 sunt,
1141 1559 1288 1622 omissam

119 1671 225 1731 autem
248 1669 281 1731 in
306 1670 405 1732 altero
429 1687 446 1732 a
470 1670 606 1732 Maximo
630 1670 667 1732 ad
692 1670 781 1733 Dion.
806 1672 914 1750 Areop.
939 1669 975 1730 de
998 1669 1091 1749 myst.
1110 1667 1202 1729 theol.
1222 1683 1247 1728 ο.
1269 1667 1287 1726 2

119 1778 243 1839 seruato
272 1776 362 1839 uideo
388 1779 423 1839 A.
448 1776 595 1839 Meinekii
623 1776 830 1839 oonieoturarn
860 1776 898 1838 ad
925 1773 1078 1837 Theocrit.
1111 1774 1156 1836 Id.
1179 1774 1221 1846 X,
1247 1773 1288 1835 29

119 1902 148 1964 p.
164 1881 247 1944 275³
260 1883 448 1964 propositam
469 1878 747 1966 ,ηιελαχχροίπτης
761 1874 997 1958 θ’ὑακίνθουίί,
1018 1899 1096 1961 quae
1115 1880 1289 1943 emendatio

119 1989 185 2051 sine
211 1989 304 2052 dubio
327 1990 471 2052 omnibus
494 1989 636 2070 plaoebit.

209 2096 347 2159 Tertium
375 2097 468 2158 huius
500 2096 646 2159 carminis
674 2096 816 2178 Dionysii
844 2097 882 2159 ab
911 2095 1080 2158 editoribus
1109 2094 1211 2156 adhue
1238 2113 1290 2157 ne-

120 2203 260 2283 gleotum
283 2202 494 2283 fragmentum
518 2206 618 2266 exstat
646 2203 678 2266 in
704 2202 806 2268 Sohol.
831 2203 868 2265 ad
892 2202 984 2264 Hom.
1010 2199 1065 2264 Od.
1088 2191 1136 2266 X.
1155 2201 1218 2262 323
1242 2200 1288 2262 ed.

121 2308 215 2373 Oxon.
240 2299 378 2374 Dind'orf.
421 2309 466 2386 H,
490 2330 519 2391 p.
543 2310 607 2373 469
632 2303 699 2387 ,τίς
722 2308 778 2371 καὶ
804 2304 1013 2384 Διονύσιος
1035 2302 1288 2379 destructore.

120 2411 244 2500 ,φύσει
261 2411 296 2477 ’δὲ
314 2411 516 2500 κρύσταλλον
530 2407 573 2478 ἰδ’
590 2412 680 2500 ἱερήν
698 2408 889 2500 (ήεροέσσαν
907 2435 922 2478 e
941 2415 1059 2495 Perieg.
1079 2415 1143 2478 724
1161 2413 1290 2476 eouieeit

333 2518 487 2598 Dindorf.)
511 2518 639 2599 ἰἀσπιν,

120 2622 268 2712 ,ἔχθρην
291 2620 498 2712 Ἐμπούσησι
522 2628 673 2708 (Cramer)
697 2627 753 2690 καὶ
776 2620 891 2702 ἄλλοις
914 2624 1109 2690 εἰδώλοισιν.

210 2734 364 2813 Quartum
392 2737 466 2798 item
489 2736 629 2799 nondum
653 2755 671 2798 a
693 2736 768 2798 uiris
793 2736 889 2798 doctis
914 2736 1118 2797 memoratum
1141 2733 1289 2815 Dionysio

119 2841 299 2923 Periegetae
331 2843 457 2917 addam,
495 2843 576 2922 quod
610 2846 710 2906 exstat
746 2843 825 2925 apud
864 2842 1109 2905 Choerobosoum
1146 2840 1227 2903 Diot.
1256 2841 1288 2903 in

119 2949 235 3012 Theod.
259 2969 326 3014 ean.
350 2969 378 3031 p.
401 2951 475 3024 235,
501 2952 542 3012 29
568 2950 613 3012 ed.
632 2949 727 3014 Gaisf.
746 2949 988 3034 ,σεσημείωται
1008 2938 1288 3030 πάρἘῦφορίισνι

120 3056 262 3135 (Meinek.
281 3057 371 3119 Anai.
391 3058 475 3119 Alex.
496 3077 526 3138 p.
549 3057 609 3132 157
636 3057 705 3119 ooll.
730 3056 877 3120 Choerob.
897 3055 915 3116 l.
936 3073 960 3117 ο.
979 3071 1007 3136 p.
1028 3055 1102 3128 236,
1118 3055 1172 3133 35)
1197 3045 1290 3130 ἅπαξ

120 3156 259 3244 εὑρεθὲν
274 3158 353 3239 ,τόν
370 3158 517 3245 βότρυαίί
536 3162 592 3223 καὶ
607 3158 698 3244 παρὰ
715 3164 875 3242 Διονυσίῳ
895 3152 953 3222 οὐκ
972 3152 1007 3222 ἓν
1026 3160 1067 3243 τῇ
1082 3155 1287 3243 περιηγήσει,

119 3260 192 3329 ἀλλ’
217 3261 252 3329 ἕν
275 3263 378 3352 ἑτέρῳ
403 3260 504 3330 αὐτοῦ
529 3265 693 3352 ποιήματι
718 3264 802 3346 ,τὸν
825 3264 943 3352 ὀρύαίί.
986 3267 1053 3330 Ηοο
1077 3270 1181 3329 autem
1206 3262 1289 3343 „ede

208 3551 232 3615 8)
252 3550 284 3603 cf.
299 3549 385 3602 Schol.
400 3550 454 3603 cod.
469 3549 498 3614 Q
513 3568 537 3618 p.
551 3550 603 3602 427
623 3540 681 3612 ,ὧν
698 3547 734 3600 τὰ
753 3551 805 3616 μὲν
828 3546 951 3599 dodran&
970 3548 1126 3620 ἐκρίθησαν
1144 3544 1202 3598 ἴδια
1222 3548 1287 3599 Διο-

118 3643 213 3689 νυσίου
233 3642 278 3688 καὶ
298 3634 369 3689 αὐτοὶ
389 3635 434 3689 διὰ
453 3636 507 3703 τήν
524 3641 575 3688 τοῦ
588 3640 760 3710 χαρακτῆρος
773 3635 927 3705 ὁμοιότητα
941 3676 946 3687 .
960 3635 995 3688 τοὶ
1016 3634 1045 3688 δὲ
1059 3633 1223 3708 Βασσαρικᾶ
1242 3633 1288 3687 deod

117 3725 172 3793 τήν
190 3724 350 3799 τραχύτητα
364 3723 413 3779 οὐκ
432 3723 495 3787 ἄξια
513 3723 613 3778 τούτου
626 3728 762 3799 κριθέντα
776 3725 876 3780 εἰστὸν
891 3724 1000 3793 Σάμιον
1012 3721 1208 3791 ἅνενίχθησοιν
1222 3725 1287 3777 Διο-

118 3813 224 3868 νύσιον.
246 3813 282 3866 τὰ
302 3813 331 3866 δὲ
351 3813 515 3888 Ὀρνιθιακοὶ
535 3818 572 3869 εἰς
590 3813 676 3868 ἄλλον
698 3814 762 3867 τινὰ
785 3812 958 3885 Φιλαδελφέα
978 3812 1157 3868 Διονύσιον.“
1181 3819 1208 3867 et
1231 3815 1287 3867 cod.

118 3907 203 3976 Neap.
223 3924 246 3974 p.
267 3906 298 3958 81
324 3905 418 3958 Ruehl.
456 3906 637 3977 ,,Γίχραπται
660 3902 690 3956 δὲ
712 3909 758 3955 καὶ
782 3901 858 3967 αὐτῷ
883 3909 928 3955 καὶ
958 3901 1080 3955 Λιθιακὰ
1102 3901 1200 3971 βιβλία
1223 3906 1288 3975 τρία

121 3996 298 4061 Διυοημείονν
310 4013 340 4044 τε
353 3997 398 4044 καὶ
413 3996 438 4044 Γ
435 3997 578 4062 ιχαντίιον,
592 3996 681 4066 ἕτεροι·
701 3998 747 4045 καὶ
759 3992 831 4044 κατά
843 4013 920 4048 τινας
930 3990 1127 4063 Ὀρνιθιακῶν.
1137 3989 1288 4044 νοθεύουοι

118 4081 172 4155 χοὶρ
186 4079 257 4134 αὐτά
279 4102 360 4140 τινες,
381 4083 530 4134 Διονυσίου
548 4086 598 4135 τοῦ
619 4080 811 4152 Φιλαδελφίωε
830 4079 901 4133 αὐτὰ
920 4080 1052 4151 λέγοντες.
1076 4079 1111 4132 τὰ
1131 4077 1160 4132 δὲ
1182 4079 1287 4131 Λιθικοὶ

118 4168 226 4239 μᾶλλον
245 4168 430 4235 ἀποδέχονται
449 4169 495 4223 διὰ
513 4170 545 4223 τὸ
564 4170 616 4222 τὸν
635 4169 722 4223 αὐτὸν
740 4171 813 4223 εἶναι
834 4174 1006 4243 χαρακτῆρα,
1024 4169 1060 4220 τοὶ
1080 4167 1110 4221 δὲ
1124 4167 1287 4242 Βασσαρικοὶ

119 4257 165 4311 διὰ
184 4256 342 4332 τραχύτητα
361 4258 447 4311 πάλιν
465 4256 552 4311 αὐτοῦ
570 4264 733 4332 χωρίζοντες
752 4257 940 4333 ἇμιιφὲρσυσιν
959 4262 995 4313 εἰς
1013 4257 1064 4310 τὸν
1086 4256 1222 4327 Σάμιον.“

1094 4351 1128 4402 l*
