2820 4716
613 573 749 638 CAPUT
770 572 795 639 I.

321 729 324 733 ⁶
402 804 483 912 ou
522 803 687 912 lara
725 801 1011 912 unsaros.

212 1123 381 1207 Dionysius
397 1143 472 1187 cum
487 1125 567 1196 orbis
581 1123 820 1206 descriptionem
838 1123 979 1186 uersibus
995 1124 1198 1205 componeret,
1217 1123 1288 1186 suh-

120 1231 278 1294 difficilem
311 1232 379 1294 sine
415 1231 509 1294 dnbio
537 1231 696 1294 materiem
730 1230 869 1293 numeris
902 1229 1196 1309 accommodandam
1229 1228 1287 1291 sibi

92 1351 96 1356 ’
120 1338 263 1419 sumpsit,
283 1338 464 1420 praesertim
488 1357 558 1401 curn
582 1357 731 1418 magnam
754 1338 916 1400 nominum
933 1337 1125 1418 propriorum
1149 1336 1286 1398 nondum

119 1445 262 1508 uersibus
281 1446 474 1508 inclusorum
493 1448 614 1527 copiam
638 1444 767 1508 carmini
791 1463 847 1506 suo
867 1444 1025 1507 uindicare
1045 1443 1286 1514 coactus'csset;

119 1552 222 1632 potius
247 1553 342 1632 igitur
365 1552 543 1615 mirandum
567 1555 622 1626 est,
647 1551 841 1631 quambene
864 1551 916 1613 hic
938 1569 1003 1613 rem
1023 1550 1159 1630 gesserit
1183 1550 1228 1611 ita
1251 1551 1287 1611 ut

120 1658 312 1722 Godcfredus
326 1658 527 1722 Hermannus
546 1658 745 1721 doctissimus
764 1659 845 1720 certe
865 1661 895 1720 et
913 1657 1119 1739 peritissimus
1137 1674 1286 1719 uersuum

119 1784 302 1844 graecorum
332 1765 510 1828 aestimator
538 1766 570 1828 in
598 1765 652 1828 illa
679 1765 717 1827 de
741 1763 863 1846 Orpheo
888 1764 1101 1826 dissertatione
1129 1766 1287 1845 praestan·

119 1872 241 1934 tissima
257 1890 337 1952 „qua
352 1872 449 1934 nihil‘
469 1909 507 1916 -
526 1875 562 1934 ut
582 1872 697 1953 optime
718 1870 836 1933 iudicat
853 1870 885 1934 Ο.
904 1870 1050 1933 Lehrsius
1067 1868 1192 1946 Quaest.
1210 1870 1285 1951 Epp.

119 1991 148 2060 p.
174 1979 237 2040 255
259 2015 298 2023 —-
320 1978 412 2052 „tulit
429 1979 581 2042 recentior
599 1981 684 2041 aetas
707 1977 790 2058 quod
808 1977 992 2040 Bentleiano
1011 1976 1134 2056 ingenio
1154 1975 1286 2038 similius

120 2085 187 2160 sit‘,
215 2085 400 2166 Dionysium
428 2085 712 2165 „elegantissimum
735 2083 932 2165 scriptorem“
956 2083 1131 2163 praedicare
1153 2083 1286 2164 potuerit

119 2191 162 2272 (p.
194 2190 290 2272 693).
340 2192 449 2272 Neque
480 2210 553 2254 uero
585 2191 724 2254 ciusdem
752 2189 811 2253 uiri
839 2189 1011 2252 doctissimi
1039 2188 1225 2252 sententiam
1253 2190 1284 2251 in

120 2296 263 2378 Orphicis
286 2316 316 2378 p.
335 2298 397 2360 692
422 2300 453 2361 et
476 2299 507 2360 in
530 2298 699 2360 Elementis
724 2297 818 2360 doctr.
842 2299 931 2359 metr.
955 2315 1023 2378 pag.
1049 2297 1111 2360 333
1136 2314 1198 2376 seq.
1216 2314 1284 2378 pro

118 2403 214 2465 latam
237 2405 337 2486 „apud
361 2424 468 2468 omnes
492 2405 529 2468 ab
546 2409 678 2468 Homero
701 2423 801 2484 usque
825 2404 864 2466 ad
880 2403 1029 2466 Nonnum
1052 2405 1158 2485 poetas
1182 2403 1283 2484 epicos

118 2528 276 2573 caesuram
300 2511 473 2574 masculam
496 2512 528 2574 in
543 2513 644 2594 prima
666 2511 750 2575 tertii
769 2511 857 2592 pedis
878 2511 1000 2592 syllaba
1015 2509 1184 2572 obtinuisse
1201 2509 1284 2590 prin-

118 2617 278 2697 cipatum*
301 2619 429 2700 probare
457 2638 593 2699 possum.
641 2619 733 2699 Apud
756 2617 888 2681 Aratum
916 2618 999 2681 enim
1027 2620 1059 2680 et
1081 2616 1283 2698 Apollonium

118 2723 277 2787 Rhodium
293 2725 527 2804 semiquinarias
544 2726 680 2788 caesuris
696 2725 860 2788 trochaicis
877 2743 970 2807 prope
987 2725 1183 2804 adaequatus,
1200 2724 1282 2805 apud

118 2830 316 2906 Nicandrum,
340 2832 579 2913 Euphorionem,
602 2833 748 2906 Bionem,
773 2832 950 2907 Moschum,
974 2832 1180 2910 Meleagrum,
1205 2830 1282 2894 alios

117 2938 305 3000 trochaicam
333 2938 429 3002 fuisse
457 2939 637 3020 primariam
665 2939 738 3001 uide
767 2938 963 3019 eTyohonis
986 2937 1172 3001 Mommseni
1200 2956 1283 3000 corn-

117 3044 276 3123 putatione
305 3045 555 3125 diligentissima,
587 3064 680 3126 quam
712 3046 744 3107 in
776 3050 1003 3126 programmate
1034 3063 1126 3126 supra
1155 3044 1282 3107 laudato

117 3168 145 3230 p.
179 3151 220 3212 83
251 3170 331 3231 seqq.
365 3152 511 3214 instituit.
565 3153 634 3216 Hoc
665 3151 897 3216 concedendum
917 3155 988 3226 est,
1020 3152 1167 3214 Nonnum
1197 3153 1281 3214 hunc

116 3257 397 3320 Alexandrinorum
417 3277 510 3321 usum
530 3261 618 3322 tauta
638 3259 802 3322 seueritate
818 3277 1052 3321 consummasse
1068 3260 1104 3319 ut
1119 3259 1204 3320 sexta
1218 3256 1281 3321 fere

116 3363 218 3425 Nonui
247 3383 396 3426 uersuum
425 3384 495 3446 pars
524 3384 682 3429 caesuram
710 3367 857 3447 praebeat
884 3364 1151 3445 semiquinariam,
1175 3383 1281 3427 omnes

116 3471 209 3533 ceteri
226 3489 336 3533 uersus
352 3472 540 3534 trochaicam
550 3470 584 3553 1).
615 3473 784 3555 Dionysius
797 3491 918 3553 qnoque
931 3474 1118 3553 quantopere
1131 3472 1280 3534 amauerit

115 3577 196 3638 hanc
225 3596 383 3640 caesuram
407 3574 513 3655 „nord
542 3581 653 3662 τρίτον
680 3584 856 3663 τροχαῖον<<
886 3598 964 3659 qnae
992 3580 1122 3642 uocatur
1143 3578 1205 3640 iam
1230 3579 1281 3642 de-

115 3683 365 3749 monstrabimus.
423 3685 554 3749 Exstant
589 3705 734 3749 caesurae
766 3686 1004 3765 semiquinariac
1035 3686 1175 3765 exempla
1206 3703 1281 3765 qua-

90 3852 93 3857 ,
115 3790 279 3870 dringenta
295 3791 519 3872 duodeuiginti,
544 3793 769 3873 praetermissis
793 3791 831 3854 iis
846 3792 987 3856 uersibus
1004 3792 1036 3854 in
1052 3793 1164 3873 quibus
1188 3792 1280 3855 semi·

116 3898 290 3976 quinariam
314 3899 426 3978 excipit
449 3899 635 3961 uocabulum
658 3899 836 3962 encliticam
860 3921 896 3960 τε
920 3919 973 3960 τοι
997 3921 1029 3959 τι
1053 3901 1104 3963 uel
1126 3900 1280 3981 particula

206 4144 225 4209 ¹)
245 4142 277 4195 cf.
290 4142 371 4198 Honr.
386 4144 497 4198 Ticdko:
517 4145 704 4210 Quaestionum
716 4145 915 4200 Nonnianarum
934 4148 1039 4216 specim.
1055 4146 1116 4200 diss.
1136 4147 1172 4199 in.
1192 4146 1277 4200 Bcroh

115 4231 184 4283 1873
202 4248 227 4300 p.
248 4232 271 4284 2.
