2820 4716
633 203 861 273 ’.ω-

31 354 33 358 ¹
165 385 273 454 Graec.
296 385 360 465 III,
383 407 413 470 p.
437 387 489 452 66.
535 386 719 470 Optatiuum
742 388 959 470 potentialem,
975 374 1043 470 ¹qui
1066 388 1193 466 dicitur,
1220 390 1339 455 omissa

163 496 317 579 particula
340 488 380 556 ἄν
402 497 454 559 uel
476 517 513 559 κε
541 499 612 578 post
634 496 807 559 Homerum
835 514 943 560 omnes
971 496 1132 579 poetas1‘)
1156 496 1338 562 adhibuisse

164 603 201 670 d.
222 604 383 667 Hermann
405 603 439 666 in
462 603 515 667 lib.
539 603 599 680 „de
622 603 778 685 particula
801 594 862 664 dvc
885 623 915 685 p.
938 604 1000 667 160
1021 622 1084 684 seq.
1110 605 1259 686 exemplis
1283 605 1339 670 de·

164 711 360 776 monstrauit.
394 710 563 792 Dionysius
575 709 750 790 Periegetes
765 729 889 774 merum
903 711 1007 792 posuit
1021 711 1211 792 optatiuum:
1227 731 1258 775 u.
1272 713 1339 776 718

164 810 255 896 ,αλλ’
272 814 332 902 εἰἠ
352 838 405 879 τοι
425 815 536 900 σχῆμα
556 813 767 900 περίδρομον,
787 809 1015 902 ἄμφιέλικτον,
1035 815 1038 903 l
1056 813 1169 903 πάσης
1182 820 1341 904 Κασπίης

163 922 309 1010 μεγάλης
332 918 443 1001 clem,
465 944 496 986 u.
518 923 603 987 1062
627 916 730 1000 ,μλλλά
754 945 807 985 τοι
831 921 892 1008 εἴη
909 921 914 1010 λ
933 923 1054 1008 Περσὶς
1076 917 1136 1009 ὅλη
1159 921 1341 1006 μεγάλοισι

164 1029 367 1117 περίδρομος
390 1022 503 1116 οὔρεσι
526 1035 643 1111 γαῖα.“,
667 1051 696 1096 u.
717 1032 780 1095 826
804 1026 911 1108 „admo
934 1023 1133 1116 ἀμφοτέρων
1153 1052 1189 1113 γε
1207 1033 1340 1114 βορειο-

164 1141 262 1223 τέρην
283 1133 434 1200 teodoro
453 1133 457 1224 1
475 1135 643 1222 παραλίην
659 1131 828 1223 Ἕφεσον“,
852 1157 913 1219 quo
928 1157 1022 1203 uersu
1038 1158 1093 1220 pro
1109 1158 1146 1220 γε
1160 1139 1339 1205 Blomfield.

164 1246 204 1308 ad
227 1245 349 1310 Gallim.
373 1245 471 1328 p.‚94
499 1266 536 1307 κε
563 1245 736 1309 restituisse
758 1245 851 1309 uideo
875 1246 1053 1310 coniectura
1075 1246 1187 1310 merito
1210 1247 1249 1311 ab
1275 1245 1342 1310 edi·

165 1353 285 1416 toribus
312 1353 467 1433 neglecta,
497 1373 527 1418 n.
552 1353 617 1416 208
641 1359 768 1428 ,μεῖνον
790 1341 864 1413 dod
887 1350 967 1437 περὶ
990 1351 1097 1436 χιῦρον
1119 1347 1341 1436 ἐρημωθέντα

163 1457 319 1544 μέλαθρα
336 1455 340 1545 λ
358 1450 485 1543 ἀνδρῶν
507 1450 711 1543 ἆθρήσειαςλ*
734 1460 766 1522 et
783 1478 814 1521 11.
835 1459 899 1522 319
922 1450 1115 1539 ,,ἆόάμαντά
1138 1480 1175 1521 τε
1195 1477 1338 1544 παμφα-

163 1561 289 1638 νόωντα
309 1562 312 1652 l
335 1560 477 1646 ἐγγύθεν
499 1557 738 1650 exaequetur*
767 1565 833 1648 (sed
861 1565 900 1629 of.
923 1567 957 1630 in
980 1567 1093 1630 iisdem
1115 1565 1259 1630 formulis
1284 1566 1340 1629 ad-

120 1720 123 1725 <
163 1673 265 1737 ditum
279 1665 319 1733 dv
334 1693 363 1739 u.
381 1673 454 1736 813.
472 1673 533 1736 991
552 1668 638 1735 ἰ’ὄοιο
655 1664 703 1749 ἄν,
721 1693 751 1736 u.
768 1673 841 1738 478.
860 1673 931 1739 923.
950 1674 1035 1736 1075
1055 1669 1141 1747 ἰ’ὄοις
1156 1664 1205 1748 ἄν,
1222 1693 1253 1738 u.
1270 1673 1336 1736 851

164 1770 204 1841 ἂν
226 1770 433 1863 α’θρήσειας).

591 2029 910 2039 -———.—-——--—

644 2243 781 2308 CAPUT
803 2242 860 2307 IH.

196 2402 278 2511 llll
312 2398 809 2565 slonlllollloun
843 2397 1308 2514 doolssuuouun.

252 2634 422 2697 Multorum
447 2635 672 2699 uocabulorum
699 2635 941 2716 significationes
968 2634 1098 2698 traditas
1127 2636 1158 2699 et
1180 2653 1241 2699 usu
1263 2637 1339 2716 poe·

163 2744 267 2805 tarum
295 2741 453 2804 communi
479 2743 641 2823 tamquam
669 2744 805 2819 sanctas,
835 2760 942 2806 omnes
968 2745 1076 2824 poetas
1102 2741 1338 2818 Alexandrinos,

163 2848 249 2912 haud
272 2847 364 2911 dubie
388 2846 482 2911 etiam
504 2848 564 2911 hac
586 2848 620 2912 in
641 2868 675 2912 re
698 2848 873 2914 doctrinam
895 2852 1069 2913 tortuosam
1091 2850 1122 2911 et
1141 2848 1338 2913 reconditam

164 2957 359 3036 appetentes,
392 2972 484 3036 saepe
516 2955 645 3018 audacia
676 2956 811 3037 quadam
840 2956 1031 3023 immutasse,
1054 2955 1338 3022 innumerabilibus

164 3061 312 3143 exemplis
339 3062 390 3125 uel
416 3062 450 3125 in
477 3063 666 3126 carminibus
691 3063 768 3145 ipsis
792 3064 983 3128 exstantibus
1001 3064 1059 3127 uel
1081 3081 1100 3126 a
1122 3061 1338 3144 grammaticis

164 3168 449 3249 lexicographisque
472 3168 607 3234 laudatis
632 3169 835 3235 demonstrari
856 3172 964 3253 potest
1009 3170 1042 3234 Si
1065 3171 1135 3250 quis
1157 3169 1256 3250 igitur
1276 3169 1338 3234 hoo

52 3313 53 3317 =
162 3276 330 3357 respiciens
350 3276 493 3358 Dionysii
511 3295 636 3340 carmen
655 3277 821 3358 diligenter
839 3280 932 3358 atque
951 3279 1069 3341 attente
1087 3278 1255 3359 perlustret
1272 3295 1338 3341 non

162 3400 271 3464 pauca,
295 3401 373 3463 quae
397 3383 435 3446 ab
458 3402 518 3446 usu
538 3384 668 3448 solemni
683 3385 839 3461 recedant,
861 3384 1013 3458 inueniet;
1038 3403 1116 3465 quae
1131 3385 1220 3449 nobis
1236 3384 1339 3466 perie-

163 3489 252 3570 gesin
274 3490 535 3571 pertractantibus
559 3494 766 3569 occurrerunt,
788 3492 847 3555 hoo
870 3491 903 3554 in
927 3491 1027 3573 capite
1049 3491 1253 3572 proferamus.

252 3595 420 3678 Dionysius
431 3615 462 3659 u.
476 3589 641 3672 ao‘lntag
653 3593 834 3682 (ἑσπέριος)
847 3599 923 3662 dicit
934 3617 988 3680 pro
999 3589 1164 3671 Ἀτλαντὶς
1175 3593 1338 3659 θάλασσα

163 3701 289 3785 (Herod.
307 3703 331 3779 I,
347 3702 425 3787 202)
443 3704 495 3767 uel
508 3695 713 3778 Ἀτλαντικὸς
729 3701 853 3778 πόντος
872 3705 990 3787 (Eurip.
1006 3704 1133 3787 Hippol.
1150 3704 1183 3786 3)
1201 3706 1253 3769 uel
1263 3696 1336 3767 ’Ἁτ-

254 3895 287 3964 16)
307 3895 346 3947 De
363 3896 525 3964 tragicorum
543 3913 592 3948 usu
604 3895 714 3952 Kuicala
731 3899 869 3966 „Beitrlige
888 3915 934 3952 zur
945 3897 1035 3951 Kritilx
1053 3897 1107 3951 und
1119 3897 1269 3967 Erklermg
1289 3897 1337 3953 des

164 3982 320 4053 Sophocles“
333 3984 354 4050 I,
367 4001 391 4054 p.
407 3985 441 4038 50
460 4001 531 4054 seqq.
545 3985 666 4055 scripsit;
684 3991 788 4056 praeter
799 3989 890 4056 poetas
906 3987 1047 4040 nonnullos
1064 3987 1193 4056 pedestris
1206 3987 1336 4042 orationis

163 4072 304 4142 scriptores
323 4073 439 4142 respexit
456 4073 485 4128 L.
506 4073 627 4127 Schmidt
645 4075 694 4140 „de
712 4076 807 4129 omissa
829 4075 899 4146 apud
918 4077 986 4129 coni.
1006 4080 1034 4130 et
1052 4077 1201 4147 optatiuum
1219 4072 1256 4127 ἄν
1274 4093 1336 4146 par-

162 4161 261 4214 tioula“
289 4162 318 4214 in
345 4161 402 4216 Ind.
425 4163 498 4216 Lect.
521 4162 605 4218 Marb.
632 4163 708 4218 1869.
749 4164 788 4218 Ex
811 4165 997 4219 Alexandrinis
1024 4166 1142 4236 exempla
1168 4165 1337 4234 collegenmt

162 4249 280 4319 Koechly
299 4251 332 4305 ad
351 4250 441 4317 Quint.
460 4252 512 4305 Sin
532 4268 557 4321 p.
574 4252 688 4306 LXXIX
705 4255 729 4321 §-
748 4255 790 4309 26.
822 4254 852 4308 0.
867 4255 1013 4309 Schneider
1030 4255 1059 4308 in
1076 4254 1178 4310 Gallim.
1194 4256 1218 4320 I,
1232 4273 1257 4326 p.
1270 4257 1333 4311 358.
