2820 4716
595 228 813 292 ..35-

118 405 240 483 λαντος
251 367 358 488 χεῦχια
370 408 511 491 (Dionys.
520 408 588 472 Per.
600 407 685 489 559),
698 425 793 488 quam
804 406 1064 487 significationem
1075 405 1158 489 apud
1169 379 1292 471 nullum

116 517 218 581 alium
233 516 414 598 scriptorem
430 516 565 580 inueniri
579 515 717 580 arbitror.
732 551 771 560 -—
786 511 876 591 Quod
891 513 968 578 dicit
982 516 1072 596 poeta
1086 535 1116 577 u.
1129 514 1194 577 563
1209 509 1292 591 τόθι

115 625 329 706 κασσιτέροιο
345 620 487 706 γενέθλη
503 641 540 685 ex
555 622 683 685 Homeri
697 641 758 685 usu
771 620 809 684 Il.
823 620 865 696 Π,
882 622 944 684 857
962 613 1046 682 ὅθεν
1061 613 1205 704 ἀργύρου
1221 615 1292 680 ἐστὶ

116 727 261 813 γενέθλη
281 729 385 802 nouit3
409 729 457 791 his
477 729 562 792 enim
580 728 657 792 loeis
676 725 817 811 γενέθλη
836 727 938 809 patria
957 728 1023 791 siue
1038 728 1124 791 locus
1140 746 1201 808 quo
1217 726 1292 807 quid

116 836 217 899 oritur
232 835 396 916 significat,
415 836 571 918 propriam
589 836 696 899 autem
715 836 876 899 notionem
889 835 964 897 huie
978 835 1132 898 uocabulo
1147 834 1293 897 tribuisse

115 941 283 1022 Periegeta
301 942 425 1006 uidetur
443 963 473 1005 u.
492 943 594 1007 1044:
618 936 654 1003 ἐκ
671 939 705 1004 δὲ
722 939 883 1026 γενέθλης
900 938 904 1027 )
922 943 1080 1026 νηπίαχοι
1095 937 1223 1017 τόξοισι
1237 939 1293 1002 καὶ

117 1044 328 1132 ἱπποσύνηοι
347 1047 514 1128 μέλονται,
538 1068 592 1131 pro
613 1068 674 1130 quo
692 1049 725 1111 in
741 1068 801 1111 usu
818 1048 916 1112 fertur
931 1043 966 1109 ἐκ
983 1047 1116 1132 γενετῆς
1134 1047 1185 1128 (of.
1201 1048 1293 1112 Hom.

115 1155 157 1218 Il.
168 1154 281 1232 XXIV,
295 1156 368 1219 535.
381 1153 439 1219 Od.
451 1155 568 1232 XVIII,
581 1156 610 1220 6.
627 1157 731 1236 hymn.
744 1155 834 1218 Hom.
847 1155 905 1231 IH,
919 1155 1082 1218 440.'Hes.
1094 1155 1207 1236 Theog.
1220 1156 1293 1218 271.
1323 1204 1325 1208 ,

118 1261 251 1345 Oppian.
274 1262 346 1326 Hal.
368 1262 398 1339 Ι,
423 1263 510 1345 321).
524 1262 548 1344 ¹)
577 1301 619 1308 -
647 1260 816 1344 γλωχίς,’)
844 1262 927 1343 quod
955 1264 1002 1325 est
1030 1262 1133 1344 cuspis
1161 1262 1293 1343 sagittae

118 1370 313 1434 similiumue
335 1370 616 1434 instrumentorum
639 1369 754 1451 (Noun.
774 1369 863 1434 Dion.
883 1368 1026 1445 XXXVI,
1048 1369 1108 1431 111
1135 1370 1292 1453 τριαίνης,

119 1478 274 1543 Damooh.
295 1479 329 1541 in
345 1480 381 1540 A.
397 1477 432 1540 P.
448 1476 501 1552 VI,
522 1476 573 1552 63,
591 1477 608 1540 7
634 1472 780 1560 σιδήρου,
805 1476 950 1540 similiter
965 1475 996 1539 N
997 1495 1066 1542 onn.
1083 1476 1172 1540 Dion.
1189 1477 1213 1553 I,
1232 1476 1294 1539 193

118 1583 266 1669 κεραίης)
285 1585 368 1666 apud
384 1584 571 1666 Dionysium
589 1584 661 1648 184.
677 1585 739 1646 281
760 1579 935 1668 ,γενιμάτην
951 1581 1012 1662 μὲν
1027 1577 1086 1644 ἐπὶ
1102 1577 1195 1665 (ὑπὸ)
1211 1579 1293 1662 γλω-

118 1699 196 1769 χῖνα
219 1693 391 1771 νέμονται“
413 1692 497 1755 idem
521 1691 605 1755 ualet
625 1708 662 1753 ae
680 1692 782 1770 γωνία
801 1690 975 1770 „angulum
995 1692 1032 1753 ut
1049 1709 1109 1753 uox
1128 1689 1296 1771 explicatur

119 1799 156 1862 in
177 1799 282 1880 Etym.
306 1799 410 1879 Magn.
434 1819 463 1880 p.
488 1799 562 1872 235,
586 1798 624 1861 ab
647 1797 813 1860 Eustathic
837 1796 876 1859 ad
899 1796 990 1861 Hom.
1014 1798 1050 1860 Il.
1075 1796 1200 1873 V‚.393
1224 1815 1293 1878 pag.

121 1906 201 1982 563,
229 1906 268 1969 17
297 1906 335 1969 ab
364 1905 472 1968 eodem
499 1905 539 1968 ad
566 1906 710 1968 nostrum
732 1904 763 1966 ll.
788 1922 831 1966 ce.
858 1921 929 1984 pag.
954 1904 1031 1979 249,
1055 1904 1108 1966 23.
1138 1902 1217 1980 265,
1243 1905 1294 1981 32,

122 2012 267 2078 aSchel.
291 2012 331 2075 ad
354 2012 482 2094 Dionys.
505 2012 538 2074 ll.
559 2030 603 2075 eo.
626 2029 697 2092 pag.
721 2010 800 2086 439,
826 2008 878 2072 38.
905 2011 984 2085 442,
1011 2010 1064 2086 15,
1088 2028 1107 2073 a
1130 2010 1233 2074 Schol.
1256 2011 1296 2074 ad

122 2118 245 2183 Gallim.
257 2120 287 2182 h.
297 2118 350 2195 IV,
364 2120 442 2192 235;
455 2139 492 2183 ex
502 2120 560 2182 hoc
573 2118 783 2183 Callimacheo
795 2117 861 2180 loco
872 2117 1034 2197 Periegeta
1045 2118 1125 2180 hanc
1136 2117 1296 2181 notionem

121 2226 272 2291 rariorem
290 2227 461 2308 sumpsisse
477 2225 609 2290 uidetur.
630 2263 672 2270 -
692 2219 775 2307 ἐρωή
792 2223 937 2287 uocabuli
953 2223 1213 2304 significationem
1227 2243 1297 2307 pro·

122 2332 224 2413 priam
247 2350 314 2396 esse
337 2333 527 2414 „impetum‘
551 2352 587 2396 ex
609 2331 701 2395 Hem.
724 2332 763 2396 il.
783 2330 838 2407 XI,
858 2331 920 2394 357
946 2325 1141 2414 (δούρατος),
1165 2332 1296 2395 alteram

123 2439 245 2516 „finem
268 2440 448 2521 reliquiem“
472 2459 508 2504 ex
527 2440 563 2504 II.
583 2438 665 2515 XVI,
686 2439 748 2502 302
768 2435 945 2520 (πολέμου)
967 2440 1077 2501 notum
1097 2441 1156 2512 est;
1179 2438 1297 2521 DIony-

124 2546 188 2610 sius
211 2546 337 2610 tertiam
358 2547 493 2628 praebet
516 2546 696 2628 genetiuum
717 2563 781 2608 non
804 2544 921 2608 addens
943 2545 1043 2608 itaut
1061 2544 1215 2626 significet
1233 2564 1297 2622 „re-

123 2652 242 2717 cessim
259 2646 473 2738 ὑποχώρησις
487 2655 524 2716 ut
538 2653 714 2734 Hesychius
731 2671 754 2715 s.
771 2672 802 2714 u.
823 2651 963 2734 explieat,
984 2669 1063 2732 quae
1080 2652 1164 2716 notio
1182 2651 1297 2717 frustra

124 2760 285 2840 quaeritur
301 2760 334 2822 in
353 2760 412 2823 alio
431 2761 588 2842 scriptore,
607 2759 660 2823 sed
678 2759 820 2822 firmatur
842 2757 1068 2838 significatione
1083 2759 1171 2822 uerbi
1186 2753 1295 2844 ἐρωέω

124 2860 214 2940 τινός
236 2867 270 2930 in
291 2866 384 2930 Hom.
410 2868 446 2930 Il.
469 2867 557 2943 XIII,
582 2866 654 2931 776.
682 2866 767 2943 XIV,
795 2866 865 2931 101.
888 2865 989 2940 XVII,
1013 2866 1087 2928 422.
1111 2865 1197 2943 XIX,
1224 2868 1296 2930 170.

123 2973 216 3038 Hom.
232 2973 261 3039 h.
274 2973 311 3050 V,
329 2974 401 3038 301.
435 2971 503 3051 Quo
519 2975 557 3038 ab
573 2993 633 3037 usu
648 2992 712 3038 non
727 2974 847 3037 alienus
863 2991 931 3036 esse
946 2972 1072 3036 uidetur
1086 2972 1139 3036 ille
1156 2975 1297 3037 omniurn

86 3114 91 3121 ·
123 3080 412 3156 Alexandrinorum,
437 3100 498 3162 quc
522 3081 693 3161 genetiuos,
717 3098 793 3161 ques
816 3079 1004 3160 antiquiores
1027 3079 1067 3141 ad
1089 3079 1297 3144 definiendam

123 3188 283 3252 notionem
295 3188 408 3252 addere
421 3188 528 3264 solent,
541 3188 728 3261 omiserunt;
737 3184 762 3268 ³)
774 3187 821 3249 uti
833 3186 951 3250 etenim
961 3185 1060 3268 Apoll.
1073 3186 1131 3252 Rh.
1143 3185 1197 3264 IV,
1211 3187 1295 3251 1685

217 3384 237 3450 1)
256 3383 296 3436 De
311 3382 445 3436 uocabulis
457 3378 589 3450 γενέθλη,
608 3383 687 3450 γε’νοε
698 3383 748 3435 cte.
766 3379 826 3433 uide
839 3379 1072 3449 locupletissimam
1086 3378 1297 3433 dissertationem

122 3472 258 3543 Spitaneri
276 3473 305 3525 in
317 3470 424 3524 Excurs.
444 3470 477 3524 ad
495 3470 571 3527 Iliad.
585 3469 616 3531 V,
636 3470 689 3523 270
707 3476 735 3522 et
752 3468 782 3522 Ε.
800 3468 904 3522 Soheer.
925 3465 1295 3540 ,Οα111111111111111Ὀμηριιιάέί

122 3576 185 3634 pag.
203 3561 246 3614 23.
266 3561 309 3615 24.
682 3623 688 3635 ,
1193 3569 1195 3573 ’

214 3652 236 3715 ⁹)
255 3647 359 3718 γλωχίν
376 3649 570 3703 nominatiuum
589 3638 721 3701 testantur
739 3647 851 3715 Etymol.
871 3645 961 3715 Magn.
980 3663 1040 3716 pag.
1060 3647 1124 3712 235,
1144 3647 1185 3701 50.
1216 3646 1297 3701 Orion

122 3756 186 3810 pag.
199 3739 243 3792 38.
268 3738 355 3792 Schol.
373 3739 402 3792 in
420 3738 542 3808 Sophocl.
556 3737 678 3791 Trachin.
692 3736 751 3790 681.
779 3736 901 3791 Eustath.
921 3737 956 3790 ad
967 3736 1044 3790 Hom.
1058 3735 1089 3791 11.
1103 3752 1162 3804 pag.
1176 3737 1237 3800 563,
1252 3736 1296 3799 17;

123 3829 158 3883 dc
182 3829 243 3883 aliis
267 3829 296 3882 in
320 3819 367 3878 -ὗ
389 3828 544 3881 exeuntibus
567 3826 700 3880 uocabulis
723 3825 848 3895 inspicias
871 3826 983 3881 Lobeck.
1006 3825 1163 3894 Paralipom.
1186 3841 1296 3892 gramm.

123 3935 211 3986 graec.
230 3935 290 3988 pag.
312 3917 369 3970 170.

122 4060 128 4070 ,
215 4009 236 4074 ³)
254 4006 332 4059 Hunc
351 4022 428 4060 usum
446 4006 577 4059 monuisse
596 4005 672 4059 uideo
691 4008 792 4073 patrem
811 4016 898 4056 meum
913 4003 1078 4057 carissimum
1095 4003 1123 4056 in
1140 4002 1297 4057 Nicandreis

123 4113 151 4167 p.
171 4096 205 4149 85
224 4099 252 4149 et
268 4096 297 4148 in
316 4094 466 4150 Coniectau.
486 4094 514 4147 in
533 4093 646 4149 Colluth.
666 4095 704 4160 (in
722 4093 818 4147 Philol.
838 4092 941 4157 XXIII,
964 4110 990 4163 p.
1008 4092 1093 4161 428.);
1118 4093 1176 4148 add.
1197 4087 1297 4158 ὀμίχλη

123 4203 173 4257 pro
186 4181 285 4252 ὀμίχλη
299 4180 397 4238 νυκτός
415 4184 525 4254 (Musae.
538 4184 598 4239 232.
612 4183 684 4249 238.)
704 4183 732 4235 in
745 4182 842 4236 Musae.
859 4182 916 4236 113.
930 4182 991 4234 286.
1010 4181 1097 4234 Νοοη.
1110 4182 1188 4236 Dion.
1200 4182 1222 4246 Ι,
1237 4181 1296 4234 183.

123 4274 250 4338 XXXIII,
270 4274 330 4329 264.
349 4273 500 4340 XXXVIII,
520 4273 561 4329 19.
580 4273 623 4327 82.

1101 4360 1138 4411 3*
