2820 4716
650 197 844 259 „4-

165 369 303 457 optem)
327 393 388 436 non
413 374 511 436 nostri
535 374 588 436 sed
611 373 753 454 Dionysii
783 373 968 437 Corinthii
999 393 1065 437 esse
1094 373 1222 437 fortasse
1251 375 1334 454 quis-

163 481 247 562 piam
271 480 453 556 contendat,
477 481 558 560 quod
588 500 604 544 e
632 480 726 544 schol.
756 480 794 542 ad
818 481 974 571 Aristoph.
1003 481 1083 544 Nub.
1112 483 1176 544 402
1202 482 1332 556 eluceat,

165 588 246 670 apud
264 587 551 669 Peloponnesios
567 589 601 650 in
616 607 674 650 usu
692 587 787 650 luisse
807 581 824 648 ὁ
845 585 923 671 δρῦς
941 607 1001 650 non
1021 581 1040 671 ἦ
1058 586 1144 672 δρῦς.
1170 587 1228 651 Cui
1245 607 1335 668 argu-

163 696 268 757 mento
292 693 423 757 nimiam
445 694 539 758 fidem
562 695 656 757 tribui
686 694 804 770 dubito,
834 695 946 777 quippe
976 692 1049 758 e'um
1076 695 1213 776 primum
1242 695 1334 757 eertis

163 800 348 865 testimoniis
371 819 434 864 nen
463 802 583 864 constet
606 800 656 880 (cf.
673 801 743 864 adn.
761 803 780 863 2
798 804 829 865 et
845 803 876 880 5)
894 802 1078 884 Dionysium
1099 800 1333 864 Corinthium

163 908 335 991 periegesin
348 908 573 989 conscripsisse,
589 908 699 971 deinde
715 908 810 971 etiam
821 909 874 971 alii
884 905 961 982 τους
972 906 1049 991 δρῦς
1059 909 1230 971 masculine
1243 909 1334 971 effere

165 1017 298 1079 solerent
313 1018 350 1078 ut
366 1014 535 1096 Theophyl.
554 1014 712 1079 Simocatt.
730 1015 946 1098 inAegypte
962 1018 1055 1078 natus
1073 1015 1166 1096 (Hist.
1180 1015 1250 1090 VIl,
1266 1015 1334 1095 16);

165 1122 273 1186 eodem
291 1123 387 1203 igitur
410 1121 476 1184 iure
493 1123 551 1184 hoc
571 1121 783 1202 fragmentum
803 1123 841 1185 ad
862 1124 1001 1186 nostrum
1020 1122 1216 1203 Dionysium,
1241 1141 1335 1202 quern

164 1228 414 1293 Alexandriae
438 1232 538 1291 ortum
563 1247 630 1291 esse
653 1228 797 1305 uidimus
821 1229 959 1292 reuocari
982 1211 1093 1311 potest.

253 1336 301 1399 De
330 1335 388 1398 alio
416 1334 591 1411 fragmento
619 1336 761 1418 Dionysii
791 1338 915 1399 nemine
943 1336 1069 1399 laudate
1099 1337 1137 1399 ab
1166 1336 1278 1399 Joann.
1303 1337 1336 1399 in

165 1464 266 1504 τονικ.
291 1461 433 1526 παραγν.
462 1462 491 1523 p.
519 1441 569 1517 37,
599 1443 640 1505 29
671 1443 716 1506 ed.
748 1442 840 1507 Dind.
884 1439 936 1519 ,τοὶ
965 1439 1013 1515 εἰς
1040 1432 1084 1504 α-υ
1110 1438 1251 1526 λήγοντα
1280 1442 1336 1504 καὶ

165 1545 289 1633 μακρὸν
311 1545 380 1625 ἔχει
402 1545 439 1610 τὸ
458 1537 485 1609 α
504 1547 559 1610 καὶ
583 1545 760 1633 βαρύνεται
784 1547 866 1626 λίαν,
896 1541 987 1629 ἄγαν,
1013 1541 1098 1626 εὔαν,
1124 1551 1230 1632 πέραν
1250 1542 1335 1633 ὅπερ

166 1653 304 1729 devexae
318 1658 422 1740 πέρην
441 1654 580 1736 λέγεται·
600 1658 727 1740 „nappe
741 1654 861 1716 κλυτοῦ
876 1648 1055 1717 ὠκεανοῖο(
1073 1648 1264 1733 Διονυσιοξ,
1286 1657 1335 1719 eui

164 1764 313 1845 Dionysio
329 1763 566 1826 adscribendum
586 1763 635 1838 sit,
656 1767 775 1826 eertum
793 1762 943 1825 iudicium
961 1762 1097 1842 proferre
1113 1782 1174 1826 non
1189 1763 1288 1825 ausim
1299 1762 1335 1844 8).

904 1867 922 1921 s

167 1925 378 1932 -—-—-

255 2012 275 2077 1)
294 2010 392 2063 Eadem
403 2011 548 2062 accusatiui
566 2010 648 2062 fenne
660 2026 712 2062 nen
724 2009 845 2076 legitima
863 2009 993 2078 reperitur
1006 2009 1033 2061 in
1044 2009 1135 2074 Quint.
1146 2009 1198 2062 Sm.
1212 2008 1260 2073 III,
1275 2009 1335 2073 280,

166 2100 212 2168 qui
229 2099 302 2152 locus
314 2099 474 2151 Meinelrium
494 2099 510 2152 l.
531 2115 552 2151 c.
572 2099 624 2151 alia
642 2098 769 2151 eiusmodi
788 2098 938 2151 laudantem
958 2098 1036 2165 fugit.
1055 2098 1088 2151 cl.
1108 2099 1186 2150 etiam
1206 2098 1334 2165 Tychsen.

167 2189 199 2242 ad
208 2188 300 2253 Quint.
310 2187 404 2251 Smll,
415 2189 437 2254 ξ.
449 2188 490 2240 15.
505 2187 535 2242 G.
550 2187 691 2240 Hermann.
702 2189 731 2240 in
741 2187 823 2256 Orph.
834 2205 858 2256 p.
870 2188 929 2241 814.
944 2188 1075 2241 Wernick.
1087 2188 1120 2240 ad
1130 2187 1226 2256 Tryph.
1237 2205 1261 2256 p.
1274 2189 1334 2239 290.

254 2280 277 2344 8)
298 2277 422 2331 Consulto
443 2281 531 2329 arrtem
551 2277 654 2341 omitte,
674 2294 741 2345 quae
760 2278 791 2329 ab
810 2277 944 2345 Apollonii
962 2276 1060 2329 Rhodii
1079 2276 1222 2328 scholiasta
1241 2293 1254 2327 e
1274 2277 1335 2329 Dio-

167 2368 240 2435 nysio
259 2367 357 2434 aliquo,
382 2367 453 2419 nullo
472 2366 626 2432 cognomine
651 2365 740 2418 addite
765 2365 919 2429 laudantur,
943 2382 1002 2417 cum
1027 2364 1091 2417 haec
1110 2365 1258 2432 fragmenta
1277 2383 1335 2433 pre-

168 2457 295 2509 babilibus
314 2456 474 2508 coniecturis
492 2455 552 2509 aliis
572 2455 706 2521 Dionysiis
725 2455 889 2518 tribuantur;
908 2455 946 2506 sic
965 2454 1013 2516 ΙΙΙ,
1033 2454 1085 2507 530
1105 2458 1335 2507 commemoratum

166 2541 341 2603 ,ΔιονύσιοςΙ
362 2541 547 2610 πλαζομένους
566 2546 612 2592 ἵνα
632 2539 734 2593 λύσσαν
753 2538 888 2606 οἷχὺνετσν
906 2533 958 2608 ἦκα
977 2539 1123 2609 βαλουσα“
1146 2542 1289 2596 Lobeckius
1308 2545 1336 2595 in

166 2634 248 2687 Elem.
262 2633 363 2686 Pathol.
378 2649 453 2686 serm.
467 2650 506 2701 gr.
519 2634 541 2698 I,
554 2649 578 2701 p.
594 2633 643 2684 201
660 2633 692 2684 ed
707 2633 862 2700 Dionysium
874 2633 1124 2686 Bassaricorum
1137 2633 1335 2701 scriptorem

166 2724 314 2777 rectissime
330 2722 430 2786 retulit,
448 2721 523 2775 cuius
539 2722 716 2774 coniecturam
730 2725 757 2774 et
769 2722 800 2774 A.
813 2722 927 2775 Heckcri
950 2722 978 2774 in
996 2723 1091 2775 Philol.
1110 2723 1141 2786 V,
1161 2737 1185 2790 p.
1205 2723 1257 2774 494
1277 2739 1335 2790 pro-

167 2814 279 2882 positum
298 2811 506 2864 emendationem
524 2811 550 2863 in
572 2811 599 2865 C.
614 2812 734 2863 Muellori
753 2810 869 2864 editione
889 2813 925 2880 (p.
939 2811 1040 2864 XXVII
1055 2813 1119 2880 seq.)
1139 2811 1238 2864 frustra
1256 2829 1335 2880 quiae·

167 2919 216 2956 ras.
226 2933 258 2940 —
269 2901 311 2954 Ad
321 2901 431 2953 eundem
441 2901 595 2968 Dionysium
610 2900 786 2952 reuocandum
798 2915 892 2951 censeo
903 2899 973 2968 quod
987 2901 1084 2953 citatur
1097 2901 1124 2953 in
1137 2900 1217 2953 schol.
1228 2902 1261 2966 II,
1276 2902 1336 2954 904.

168 2987 230 3049 ,,ὅτι
254 2986 283 3041 δὲ
305 2986 530 3055 κατεπολέμησεν
546 2985 647 3043 ’letale
670 2986 685 3039 ὁ
707 2985 849 3045 Διόνυσος,
871 2985 1017 3042 Διονύσιός
1045 2985 1132 3057 φησι“
1150 3007 1166 3041 a
1185 2990 1336 3044 Weicherto

168 3080 263 3149 (Apoll.
284 3079 333 3131 Rh.
353 3095 377 3146 p.
393 3078 443 3132 176
457 3070 542 3149 seqq.)
555 3080 688 3133 Milesio
707 3079 848 3142 tributum3
868 3077 993 3141 conferas,
1012 3094 1115 3145 quaeso,
1134 3095 1193 3130 cum
1211 3079 1261 3132 hoe
1280 3081 1336 3132 looo

167 3172 267 3239 septem
292 3168 441 3235 fragmenta
460 3169 586 3236 (18-24)
611 3168 819 3232 Bassaricorum,
844 3168 940 3236 quibus
963 3168 1082 3234 singulae
1106 3166 1215 3221 Jndieae
1242 3174 1337 3235 gentes

168 3258 300 3311 Bacchum
319 3258 507 3326 impugnantes
526 3259 701 3311 nominantur.
721 3288 753 3295 —
774 3258 861 3310 Schol.
882 3257 967 3326 Apoll.
987 3256 1037 3311 Rh.
1056 3257 1080 3319 1,
1100 3257 1152 3309 256
1170 3256 1337 3314 ,Διονύσιος

159 3343 199 3397 ’δὲ
217 3347 247 3396 ἐν
259 3343 286 3412 β’
302 3342 395 3415 Κριόν
412 3364 479 3414 φησι
494 3345 596 3417 Φρίξου
614 3349 719 3416 τροφέα
731 3346 867 3414 γενέσθαι
886 3348 931 3395 καὶ
950 3342 1188 3411 συμπεπλευκέναι
1206 3344 1282 3410 αὐτῷ
1301 3351 1337 3402 εἰς

171 3431 312 3498 Κολχούε“
325 3434 564 3501 Argonauticernm
573 3436 673 3488 auctori
683 3435 840 3502 Dionysio
851 3435 1054 3502 Mytilenaeo
1067 3437 1109 3488 uel
1119 3434 1336 3503 Scytohrach-

128 3547 130 3551 ·
170 3525 237 3576 ioni
256 3523 425 3576 tribuendum
448 3541 462 3576 c
482 3524 568 3576 Schol.
592 3524 626 3577 ad
648 3524 694 3589 IV,
715 3524 765 3577 119
786 3523 830 3591 (cf.
851 3514 914 3589 117)
934 3529 1043 3593 apparot
1061 3526 1094 3578 cf.
1115 3524 1242 3578 Welolrer.
1273 3527 1336 3596 „Ep

169 3612 255 3680 Cyel.·‘
273 3612 294 3675 I,
314 3629 338 3681 p.
358 3612 399 3667 83.
415 3643 446 3650 -
460 3613 619 3681 Dionysio
639 3612 852 3667 Chalcidensi
870 3617 918 3665 aut
933 3613 1143 3678 Atheniensi,
1163 3616 1209 3682 qui
1228 3618 1337 3683 uterque

170 3704 267 3754 κτίσεις
280 3702 387 3770 scripsit
399 3702 442 3766 (of.
453 3702 538 3756 Schel.
552 3702 585 3755 ad
597 3702 682 3772 Apoll.
697 3703 732 3766 11,
746 3700 806 3766 279,
819 3701 931 3769 Etymol.
945 3703 1034 3770 Magn.
1054 3719 1074 3756 s.
1090 3720 1114 3756 u.
1127 3699 1336 3774 Προκόννησον)

170 3791 290 3844 adscribo
318 3806 384 3857 quae
412 3791 530 3844 citantur
554 3808 569 3844 a
591 3790 671 3844 schol.
707 3791 742 3854 11,
761 3792 813 3844 965
833 3787 996 3855 ,Λιονύσιος
1019 3788 1049 3841 δὲ
1071 3792 1102 3842 ἐν
1125 3788 1243 3862 δευτέρῳ
1267 3794 1337 3843 κατὰ

171 3875 281 3947 Aestima
304 3874 389 3932 αὐτὰς
408 3881 464 3947 (scl.
482 3876 639 3948 Ἀμαζόνας)
664 3875 801 3943 ᾠκηκέναι
820 3883 894 3948 φησί.
923 3875 1003 3951 ῥώμη
1027 3877 1057 3931 δὲ
1080 3876 1269 3950 διενεγκουσας
1292 3886 1338 3932 καὶ

170 3971 347 4041 τρεφομένας
376 3966 440 4022 'code
464 3966 596 4039 ὁμόρους,
624 3966 721 4019 ἐλθεῖν
748 3972 794 4018 καὶ
822 3969 867 4018 ἐπὶ
894 3966 947 4034 την
971 3965 1112 4041 Εὐρώπην
1140 3974 1185 4020 καὶ
1214 3969 1338 4024 πολλὰς

172 4047 300 4107 adsciti
319 4053 434 4110 πόλεις
453 4061 589 4114 κτίσαι,“
602 4057 768 4111 Weichertus
781 4058 797 4110 l.
813 4074 834 4111 e.
847 4060 999 4112 coniectura
1017 4076 1069 4111 nen
1088 4060 1217 4128 probabili
1236 4061 1286 4112 hoc
1304 4061 1338 4113 ad

171 4147 328 4214 Dionysium
346 4147 479 4199 Milesium
496 4145 630 4198 reuocauit
654 4146 697 4214 (cf.
716 4146 844 4200 Welokor.
864 4148 881 4199 l.
901 4164 923 4200 c.
941 4164 966 4216 p.
985 4148 1039 4215 84).
1077 4149 1169 4216 ltaque
1188 4166 1248 4202 cum
1266 4150 1338 4202 nulle

171 4235 228 4286 loce
245 4235 387 4301 Dionysius
404 4235 578 4299 Perlegeta
597 4241 816 4289 commemoretur
834 4236 957 4289 ultimum
976 4236 1155 4302 fragmentum
1168 4255 1183 4291 a
1196 4239 1338 4291 scholiasta
