2820 4716
596 188 813 250 ..14-

122 368 161 430 ad
183 367 308 431 Tbeoor.
331 365 372 442 ΙΙ,
397 369 416 430 3
439 387 469 449 p.
493 365 557 428 299
567 366 589 431 ³.
615 403 656 411 —
680 367 798 431 Eodem
823 368 906 431 exitu
929 405 968 413 —
993 355 1070 442 oms
1091 368 1124 430 in
1148 368 1294 451 Dionysii

121 475 271 556 periegesi
295 469 444 550 Πάχυνος
470 473 620 536 inusitate
644 476 784 555 correpta
803 463 949 538 ouooali
972 496 1002 538 u.
1027 476 1101 539 469,
1124 476 1188 538 471
1214 477 1294 556 legi-

121 585 179 655 tur,
205 582 285 662 quod
309 581 423 643 imitati
447 582 521 642 sunt
543 581 654 645 Anien.
680 581 774 645 deson
806 581 877 645 129.
906 583 980 644 635.
1005 582 1155 644 Priscian.
1179 583 1292 664 perieg.

121 689 173 753 89.
203 689 282 762 489;
312 687 462 769 oorripuit
489 689 578 769 poeta
603 676 680 751 oet
707 691 815 751 oontra
841 690 1125 769 praesepta‚.quae
1154 689 1210 751 dat
1237 692 1295 752 Ar-

121 794 227 858 oadins
251 795 288 858 do
311 796 429 857 aooent.
455 813 484 874 p.
511 795 582 868 193,
609 795 649 855 18
673 813 757 875 seqq.
783 795 828 858 ed.
851 795 940 857 Bark.
966 790 1029 872 ,τὰ
1054 791 1109 856 9ιᾶ
1133 795 1194 856 τοῦ
1218 783 1295 868 oar—og

121 894 207 983 ὑπὲρ
236 897 295 962 δύο
319 895 486 981 συλλαβοὶς
514 895 544 961 εἰ
573 898 634 979 μὲν
665 897 852 983 παραλήγει
882 897 920 963 τὸ
946 890 979 979 ς,
1006 899 1179 962 συστέλλει
1206 897 1244 962 τὸ
1272 889 1295 962 o

121 1004 333 1084 δεσπόσυνος,
347 1009 495 1084 πίσυνος,
508 1002 685 1090 θάρσυνος·
705 1003 735 1069 εἰ
748 1004 783 1068 δὲ
795 1004 840 1091 μη
853 1004 1040 1091 παραλήγει
1056 1007 1103 1089 τῷ
1112 997 1143 1081 ς
1152 1002 1293 1069 ἐκτείνει

120 1110 158 1176 τὸ
180 1103 211 1174 υ
234 1111 390 1190 κίνδυνος,
421 1105 572 1190 εὔθυνος,
598 1109 769 1189 Πάχυνοςίί
794 1133 892 1194 neque
917 1115 1007 1178 aliter
1029 1115 1130 1177 Draoo
1155 1114 1293 1178 Straton.

120 1240 149 1301 p.
166 1222 217 1294 28,
243 1221 293 1282 21.
317 1223 348 1283 et
371 1221 424 1292 64,
451 1219 489 1281 11
516 1219 616 1301 (alp.
634 1221 685 1293 46,
713 1218 775 1299 15.)
800 1216 863 1298 ,τοὶ
887 1216 950 1302 γὰρ
975 1216 1030 1282 διὰ
1054 1219 1113 1281 τοῦ
1137 1209 1212 1294 πῖνε-ς
1236 1212 1294 1281 ἐπ’

120 1319 258 1400 εὐθείας
280 1322 325 1410 μὴ
350 1321 467 1403 ἔχοντα
490 1322 528 1388 τό
547 1315 659 1410 ’ςπρὸ
687 1326 746 1387 τοῦ
764 1315 795 1387 υ
812 1319 899 1410 ὑπὲρ
928 1322 987 1388 δύο
1010 1322 1178 1406 συλλαβὰς
1201 1319 1293 1404 ὄντα,

120 1428 274 1494 ἐκτείνειν
285 1430 382 1494 θέλει
399 1427 458 1516 τὴν
474 1428 540 1516 πρὸ
557 1432 617 1494 τοῦ
630 1431 752 1505 τέλους·
772 1430 927 1510 κίνδυνος,
945 1425 1095 1509 εὔθυνος,
1108 1427 1293 1509 Πάχυνος,“

120 1541 151 1602 et
178 1541 283 1602 eontra
311 1558 403 1602 usum
434 1557 630 1602 communem
659 1539 698 1602 of.
725 1540 878 1620 Lyoophr.
911 1540 1005 1602 1929.
1038 1538 1131 1602 1182.
1160 1539 1293 1620 Dionys,

119 1647 236 1726 Perieg.
260 1665 290 1707 u.
315 1647 365 1708 86.
389 1645 491 1710 Noun.
520 1647 610 1708 Dion.
636 1647 681 1719 ΙΙ,
711 1648 783 1710 398.
808 1645 899 1720 XIII,
931 1648 994 1708 322
1018 1646 1108 1727 Vorg.
1133 1647 1211 1709 Aen.
1234 1645 1294 1721 ΙΙΙ,

120 1756 193 1818 699.
218 1752 309 1816 Ouid.
334 1752 463 1815 Metam.
487 1751 523 1827 V,
547 1753 621 1815 351.
648 1789 687 1796 -

177 1868 179 1873 ’
208 1859 349 1923 Nominis
375 1855 513 1943 θρηῑκες
533 1858 687 1938 syllabam
711 1860 880 1923 secundam
905 1859 1059 1923 Homerus
1088 1859 1201 1942 (ull,
1226 1861 1293 1924 844

121 1964 191 2048 oto.)
216 1968 389 2046 correptam
406 1965 643 2047 frequentato),
668 1966 812 2047 produxit
835 1967 1002 2046 Dionysius
1027 1968 1100 2029 322.
1125 1969 1198 2030 323.
1216 1969 1293 2032 575.

120 2090 219 2152 neque
247 2090 320 2134 uero
349 2072 483 2154 primus,
514 2071 568 2134 sed
595 2074 664 2153 post
695 2075 824 2135 Aratum
854 2073 926 2135 355.
977 2073 1124 2136 Nicandr.
1152 2074 1209 2136 Th.
1240 2076 1293 2138 49.

120 2179 196 2259 frag.
220 2179 271 2243 26.
324 2177 449 2242 Gallim.
479 2179 508 2243 h.
533 2178 589 2254 ΠΙ,
617 2178 687 2242 114.
711 2180 811 2261 Apoll.
835 2180 893 2243 Rh.
922 2178 946 2253 Ι,
971 2180 1122 2255 24632,
1147 2181 1200 2260 qui
1224 2183 1294 2260 qui-

119 2286 192 2349 dem
215 2289 343 2366 uterque
367 2286 461 2348 etiam
485 2290 656 2368 correptam
680 2287 832 2367 syllabam
855 2286 990 2368 praebet,
1013 2285 1065 2348 hio
1087 2284 1111 2357 Ι,
1139 2285 1212 2359 637,
1237 2286 1292 2348 ille

119 2394 148 2456 h.
172 2393 226 2461 IV.
251 2393 307 2465 633
332 2393 516 2473 productum
533 2393 693 2456 iotanide
709 2396 868 2473 praeterea
890 2393 922 2454 in
940 2389 1046 2468 Quint.
1064 2391 1127 2456 Sm.
1155 2393 1207 2467 ΙΧ,
1225 2393 1291 2455 343

119 2499 247 2582 Oppian.
280 2499 355 2582 Cyn.
386 2499 410 2574 Ι,
444 2501 517 2562 37Ι.
568 2500 671 2562 Nonn.
702 2499 792 2564 Dion.
824 2499 966 2572 XLVIII,
1001 2499 1072 2562 194.
1125 2498 1291 2580 Iiyphiod.

120 2608 169 2671 39,
196 2644 235 2651 -
261 2608 306 2670 Ile
330 2599 486 2690 Ἰήπυγες,
511 2598 655 2691 Ἰηπυγίη
687 2606 865 2668 nominibus
893 2625 923 2669 u.
949 2607 1022 2669 379.
1047 2606 1098 2668 91.
1123 2605 1196 2667 482.
1220 2609 1292 2690 post

118 2713 153 2777 O.
173 2713 352 2777 Schneideri
381 2714 609 2776 adnotationem
634 2713 672 2776 ad
699 2712 823 2776 Gallim.
846 2712 881 2774 fr.
905 2712 971 2775 444
994 2714 1068 2774 tom.
1092 2710 1134 2787 H,
1158 2731 1187 2792 p.
1214 2713 1288 2777 612.

117 2820 196 2883 nihil
219 2822 324 2895 habeo,
349 2820 431 2900 quod
456 2820 580 2882 addam.
608 2857 648 2865 -—
673 2820 814 2882 Notauda
838 2821 885 2881 est
909 2837 1071 2882 mensurae
1095 2819 1230 2882 sanetas
1254 2821 1287 2882 in

116 2928 296 2990 nominibus
321 2928 456 3011 Κασπίη
480 2930 512 2990 et
535 2922 699 3000 Κάσπιοι;
724 2926 786 2989 iota
810 2926 962 3006 producto
978 2930 1100 3008 propter
1123 2929 1287 2989 aooentum

117 3033 169 3115 (os.
194 3034 328 3096 Brunolr.
352 3035 384 3096 in
401 3035 497 3115 Apoll.
514 3034 573 3096 Rh.
589 3053 657 3096 nar.
680 3035 752 3096 leot.
769 3036 831 3096 not.
857 3033 976 3095 emend.
996 3035 1122 3113 Argunt.
1151 3035 1242 3098 1789.
1258 3055 1288 3116 p.

120 3140 194 3223 124)
212 3141 366 3224 Κασπίην
393 3160 421 3202 u.
447 3141 497 3202 21.
519 3141 569 3205 53.
595 3141 671 3203 696.
697 3141 768 3204 796.
797 3141 868 3214 719,
894 3140 1078 3199 Κασπίοισι
1102 3161 1131 3204 u.
1156 3142 1220 3204 738
1245 3144 1289 3204 le-

117 3249 208 3329 gitur,
233 3249 371 3328 oorrepto
395 3250 500 3309 autem
525 3249 662 3330 Κασπίη
687 3267 717 3309 u.
743 3248 794 3320 49,
819 3246 899 3326 quod
924 3245 1017 3308 etiam
1040 3246 1227 3311 Phoenioem
1251 3249 1287 3310 f.

117 3356 146 3430 2,
176 3358 195 3417 3
224 3355 348 3435 Berykii
377 3354 475 3416 Anth.
505 3353 583 3435 lyr.²
613 3354 817 3435 assumpsisse
848 3352 954 3424 uideo;
986 3356 1069 3416 reoto
1100 3354 1194 3434 igitur
1223 3356 1286 3418 730

118 3457 267 3521 Κάσπιοι
292 3465 323 3523 et
348 3460 408 3522 761
436 3457 574 3520 Κασπια
599 3461 735 3524 mediam
764 3460 801 3522 ab
831 3463 959 3523 aooentu
983 3460 1147 3523 liberatam
1169 3461 1288 3523 habent

117 3570 301 3648 surreptam,
337 3566 484 3630 inusitate
519 3567 602 3629 1939
636 3555 820 3627 Κασπῖάων
851 3567 1050 3648 productam,
1086 3568 1286 3646 quamobrem

117 3673 154 3738 G.
179 3674 377 3737 Hermanuus
408 3674 456 3738 ad.
489 3673 582 3755 Orph.
614 3677 686 3752 Arg.
720 3674 783 3737 738
806 3694 836 3756 p.
871 3675 932 3735 138
964 3673 1225 3750 oouieoturam14)
1255 3679 1287 3736 et

117 3782 211 3843 aliam
236 3782 380 3844 leniorem
404 3781 535 3843 eandem
559 3798 594 3843 ao
618 3781 748 3844 Lobeok.
772 3781 804 3842 in
823 3780 1004 3861 Paralipom.
1029 3797 1159 3859 gramm.
1183 3799 1284 3861 graoo.

206 4083 239 4148 ¹³)
259 4081 292 4134 of.
313 4080 405 4132 Draco.
425 4080 504 4132 strat.
525 4097 550 4148 p.
565 4081 641 4143 27‚17
662 4077 708 4144 „ro
728 4083 825 4146 μέντοι
847 4074 961 4148 Θρήϊκες
979 4074 1119 4129 συστέλλει
1137 4077 1170 4129 τὸ
1183 4071 1205 4128 I
1218 4081 1285 4142 ἔχον

115 4165 292 4238 διαλλαγήν“.
386 4189 388 4194 ’
1213 4184 1215 4188 ’

206 4263 238 4327 ¹⁴)
258 4255 384 4322 ,πυλέων
403 4254 456 4307 ὑπὸ
478 4254 632 4308 Καοπιέων
651 4254 724 4308 πόδα
744 4254 862 4328 Πάρθοι
877 4255 881 4328 λ
897 4253 1031 4326 Πάρθοέῑ
1050 4278 1074 4307 ν.
1092 4276 1117 4308 τ.
1138 4254 1160 4307 λ.
