2820 4716
653 191 759 285 ‘'.6
808 225 846 232 ..

165 365 343 446 poetarum,
373 365 427 444 qui
460 365 613 444 genuinae
642 363 824 428 Callimachi
848 367 879 428 et
905 366 1059 447 Apollonii
1092 367 1167 429 artis
1194 366 1337 446 uestigiis

167 471 298 551 ingressi
326 473 412 547 sumt,
441 473 535 535 etiarn
563 471 731 553 Dionysius
759 471 921 552 Periegeta
950 475 997 536 est
1024 472 1217 548 referendus,
1247 473 1337 535 cuius

169 577 331 649 scientiam
355 578 517 642 metricam
539 580 571 641 et
594 578 798 641 elocutionem
821 578 886 641 iarn
910 583 1152 659 perscrutemur;
1176 580 1228 643 sed
1254 580 1337 661 quod

167 684 255 747 nobis
287 685 515 766 proposuimus,
547 703 642 764 quarn
677 685 909 748 accuratissime
944 688 979 749 ut
1008 687 1223 768 persoluamus
1254 688 1337 749 hunc

167 790 361 855 semabimus
385 791 534 866 ordinem,
559 793 595 854 ut
616 792 716 873 primo
740 791 772 853 in
795 792 896 874 capite
912 792 1099 856 disseramus
1124 793 1160 855 de
1184 795 1248 856 arte
1274 812 1338 856 0ιο

167 898 254 973 trica,
281 898 417 980 primum
449 897 575 977 quidem
604 899 741 962 numeris
764 898 920 980 Dionysii,
949 899 1061 962 deinde
1085 900 1123 963 de
1147 900 1338 981 syllabarum

168 1023 324 1080 mensura,
347 1006 441 1068 altero
465 1005 621 1086 incapite
648 1006 744 1068 uerba
772 1005 923 1069 faciamus
947 1006 985 1069 de
1009 1005 1074 1069 eius
1098 1006 1278 1082 elocutione,
1301 1007 1337 1068 ut

168 1112 346 1192 colligatur,
376 1110 488 1192 quibus
516 1112 549 1174 in
578 1113 668 1175 rebus
697 1131 768 1176 curn
792 1111 1008 1175 Alexandrinis
1032 1113 1206 1176 consentiat
1227 1112 1336 1194 poetis,

168 1219 283 1298 quibus
306 1219 344 1281 ab
368 1217 412 1281 eis
436 1219 564 1295 aberret,
587 1219 677 1282 tertio
698 1219 735 1282 dc
754 1218 978 1299 significatione
1001 1220 1221 1282 nonnullorum
1245 1238 1338 1282 uoca-

167 1325 310 1412 bulorum
332 1329 450 1406 agatur,
473 1328 581 1405 quarto
598 1326 635 1388 de
651 1326 792 1407 Dionysii
809 1326 986 1406 Perlegetac
1005 1327 1134 1390 uocibus
1155 1327 1287 1408 propriis
1307 1327 1338 1388 et

169 1433 330 1496 nonnullis
349 1433 514 1496 rarioribus
535 1433 563 1495 01
581 1452 652 1495 cum
668 1433 769 1514 poetis
786 1433 961 1514 posterioris
979 1434 1090 1497 aetatis
1108 1433 1336 1496 communibus.

168 1678 230 1731 diss.
250 1679 286 1730 in.
300 1677 399 1747 Gryph.
421 1677 489 1730 1880
502 1696 526 1746 p.
541 1678 586 1746 33)
606 1677 699 1730 101010
713 1678 887 1744 Authclogiae
901 1682 991 1747 poetae
1003 1678 1181 1744 Agathiam
1200 1677 1243 1746 (0.
1257 1678 1335 1730 Schn.

168 1766 269 1820 Gallim.
283 1767 305 1832 I,
327 1767 498 1833 lucetius.)
517 1768 703 1819 Stratonem
720 1767 847 1834 (Dilthey.
868 1768 942 1820 Auel.
961 1767 1062 1820 Gallim.
1082 1784 1105 1837 p.
1120 1770 1136 1820 6
1149 1784 1175 1819 n.
1194 1767 1211 1819 6
1230 1767 1337 1820 Kueack
1401 1785 1402 1789 ¹

169 1857 185 1908 l.
206 1872 227 1908 c.
247 1874 271 1924 p.
294 1857 355 1923 16.)
392 1856 557 1909 Imitationes
581 1855 769 1909 Callimachum
793 1854 946 1924 Gregorii
971 1857 994 1908 N
1001 1857 1172 1908 azianzeni
1197 1857 1336 1908 nonnullas

168 1945 277 2013 collegit
295 1946 385 1998 Naehe
405 1944 497 2014 (Opus.
516 1945 537 2009 l,
556 1962 581 2013 p.
600 1945 652 1997 236
672 1962 753 2013 0000,
779 1945 810 1999 Ο.
830 1945 952 1998 Schneid.
972 1945 1074 1999 Gallim.
1093 1945 1132 2000 ll.
1152 1962 1176 2013 p.
1196 1945 1257 1999 401.
1277 1945 1336 1997 457.

169 2035 253 2102 484.);
272 2035 353 2086 ctiam
366 2033 610 2103 Apollinarium
623 2033 749 2101 Cyrenaei
762 2037 852 2103 politae
871 2037 1025 2086 sectatorom
1046 2051 1101 2085 osse
1120 2037 1277 2102 apparator
1297 2033 1336 2095 iis,

169 2141 234 2193 quac
254 2125 444 2190 congesserunt
462 2122 551 2174 Naekc
570 2121 664 2191 Opusc.
684 2123 704 2186 1,
723 2140 748 2191 p.
768 2124 820 2176 248
840 2141 911 2192 seqq.
932 2122 1006 2176 010.
1027 2121 1170 2174 Schneider
1189 2124 1216 2174 in
1235 2121 1335 2175 Gallim.

169 2214 189 2277 l,
200 2229 224 2281 p.
237 2213 295 2265 150.
308 2213 367 2265 304.
379 2229 403 2280 p.
415 2212 478 2274 411;
492 2211 524 2264 10
533 2216 610 2280 polita
621 2211 664 2264 uel
674 2213 752 2264 immo
766 2212 872 2281 pestis
886 2212 1122 2278 Sibyllinorum
1135 2228 1201 2280 quac
1212 2213 1338 2263 uocantur

170 2302 373 2355 oraculorum
387 2301 447 2354 uide
460 2300 1000 2369 000001000011110101011,10110100
1015 2317 1061 2353 zur
1074 2301 1163 2353 Kritilr
1178 2301 1336 2353 1100000·ί

169 2408 194 2460 p.
217 2393 256 2444 15.
277 2389 488 2443 Parthenium
507 2389 619 2457 deniqne
638 2389 663 2442 N
670 2390 820 2443 icaenum
838 2390 908 2442 inter
926 2389 1081 2443 Callimachi
1100 2391 1272 2443 aemulatores
1291 2407 1336 2441 no-

170 2481 254 2533 minat
272 2479 380 2546 Dilthey
400 2478 431 2531 de
450 2477 550 2532 Callim.
570 2477 688 2548 Cydippe
707 2496 733 2548 p.
752 2480 787 2531 23
805 2497 868 2548 seq,
893 2477 1048 2544 Quintum
1075 2479 1283 2547 Smyrnaeum
1307 2476 1336 2531 0.

171 2569 313 2622 Schneider
336 2569 364 2620 10
382 2567 442 2621 adn.
463 2567 547 2620 critic.
566 2567 598 2619 ad
618 2565 719 2620 Gallim.
740 2567 765 2619 h.
785 2568 812 2619 ll
832 2586 856 2620 u.
877 2569 934 2622 102.
972 2568 1184 2621 Romanorum
1207 2567 1240 2620 ad
1259 2565 1336 2619 Calli·

171 2658 293 2711 machum
314 2657 423 2709 rediisse
446 2656 558 2725 prinum
580 2655 761 2718 Catullum,
783 2655 877 2708 deinde
899 2657 1094 2723 Vergilium,
1118 2656 1336 2725 Propertium,

171 2746 336 2808 Ouidium,
356 2745 530 2798 Proculum
551 2744 592 2813 (cf.
607 2743 684 2798 Ouid.
699 2745 775 2797 Punt.
790 2745 835 2808 lV,
849 2746 890 2809 16,
904 2747 949 2813 32)
966 2750 1068 2814 praeter
1083 2746 1148 2798 alios
1162 2761 1237 2814 saepe
1251 2745 1338 2796 obser·

171 2840 262 2889 uatum
280 2835 323 2888 nel
341 2836 368 2887 in
383 2850 522 2903 puerorum
541 2833 643 2887 scholas
662 2835 776 2888 transiit.
807 2834 864 2887 Nec
876 2835 1011 2902 pauciores
1024 2838 1117 2888 nactus
1130 2839 1171 2887 est
1183 2834 1338 2886 elocutionis

171 2925 378 2977 studiosissimos
402 2923 555 2990 Apollonius
578 2923 709 2976 Rhodius:
734 2924 881 2975 Nonnum
904 2922 1035 2976 Wcrniclr.
1061 2924 1094 2976 ad
1114 2924 1210 2993 Tryph.
1231 2940 1255 2991 p.
1276 2923 1337 2984 322,

171 3014 202 3067 R.
216 3013 340 3066 Koehler:
360 3013 446 3065 Ueber
459 3012 500 3064 110
514 3012 671 3079 Dionysiaca
689 3013 733 3064 des
747 3013 857 3064 Nonnns
870 3029 895 3080 p.
909 3014 933 3066 9.
950 3013 1000 3079 12.)
1013 3012 1193 3082 Oppianum
1206 3011 1337 3064 Halicuti-

172 3119 260 3154 corum
290 3102 442 3170 scriptorem
466 3101 607 3168 (Wernich.
641 3101 673 3153 ad
701 3102 798 3171 Tryph.
827 3118 851 3170 p.
880 3102 939 3153 322.
965 3101 1096 3154 Wellaner
1123 3101 1155 3154 ad
1183 3101 1268 3171 Apoll.
1293 3099 1337 3163 IV,

174 3191 241 3244 1198
266 3190 341 3257 alibi)
366 3189 523 3254 Quintum
547 3189 757 3257 Smyrnaeum
781 3189 909 3256 (Gerhard
937 3190 996 3242 lect.
1021 3191 1106 3259 Apoll.
1131 3208 1155 3259 p.
1181 3191 1228 3243 101
1255 3190 1338 3258 0000.)

173 3279 332 3349 Orpheum
351 3279 395 3346 (11.
416 3279 450 3330 ib.
469 3295 494 3347 p.
516 3278 1019 3347 102000110110000011001111001.
1035 3280 1067 3343 ll,
1087 3281 1158 3346 605.)
1177 3280 1338 3348 Tryphio-

173 3368 286 3421 dorum
309 3369 449 3423 lWemiclr.
464 3368 480 3420 l.
495 3385 516 3419 c.
530 3385 555 3436 p.
568 3368 620 3419 322
634 3368 767 3421 Wellaner
783 3369 799 3420 l.
819 3385 840 3420 c.
857 3367 903 3432 lV,
920 3368 993 3434 900.)
1011 3368 1338 3438 Pseudo-Oppianum

173 3457 390 3525 Cynegeticorum
409 3459 549 3522 erectorem,
569 3457 642 3509 cuius
661 3458 710 3521 111,
729 3458 781 3510 405
801 3473 859 3510 cum
877 3456 961 3525 Apoll
982 3456 1066 3509 Rhod.
1087 3458 1105 3522 l,
1127 3459 1194 3510 1295
1213 3455 1337 3508 conferas.

173 3547 211 3600 Ex
229 3547 383 3599 Romanis
402 3545 535 3614 Apollonii
554 3546 676 3614 uestigiis
694 3547 824 3615 imprimis
842 3546 943 3598 institit
960 3544 1136 3599 Terentius
1149 3548 1248 3598 Varro
1262 3548 1338 3598 Ata-

174 3636 279 3699 01000,
298 3636 344 3702 001
364 3638 394 3687 01
405 3635 481 3687 Arati
500 3635 527 3686 in
546 3634 657 3697 Arateis,
677 3635 715 3687 ita
733 3636 761 3687 in
777 3635 964 3701 Argonauticis
977 3634 1112 3703 Apollonii
1129 3635 1182 3689 1011
1202 3635 1338 3702 interpres,

175 3723 340 3793 (Quintilian.
360 3723 392 3785 X,
418 3722 440 3785 1,
459 3724 481 3789 ἓ.
502 3723 555 3789 87.)
580 3724 691 3791 1001000
710 3723 892 3791 Vergilius,
911 3723 1119 3793 Propertius,
1138 3723 1291 3785 Ouidius,
1312 3723 1339 3777 C.

175 3812 327 3865 Valerius
346 3811 488 3864 Flaccus.
