<?xml version="1.0" encoding="UTF-8"?>
<!DOCTYPE html PUBLIC "-//W3C//DTD XHTML 1.0 Transitional//EN"
    "http://www.w3.org/TR/xhtml1/DTD/xhtml1-transitional.dtd">
<html xmlns="http://www.w3.org/1999/xhtml" xml:lang="en" lang="en">
 <head>
  <title>
</title>
<meta http-equiv="Content-Type" content="text/html;charset=utf-8" />
  <meta name='ocr-system' content='tesseract 3.04.00' />
  <meta name='ocr-capabilities' content='ocr_page ocr_carea ocr_par ocr_line ocrx_word'/>
</head>
<body>
  <div class='ocr_page' id='page_1' title='image "./dedionysiiperie00schngoog_0039.png"; bbox 0 0 2820 4716; ppageno 0'>
   <div class='ocr_carea' id='block_1_1' title="bbox 592 204 809 269">
    <p class='ocr_par' dir='ltr' id='par_1_1' title="bbox 592 204 809 269">
     <span class='ocr_line' id='line_1_1' title="bbox 592 204 809 269; baseline -0.009 -18"><span class='ocrx_word' id='word_1_1' title='bbox 592 204 809 269; x_wconf 85' lang='lat'>..30..</span> 
     </span>
    </p>
   </div>
   <div class='ocr_carea' id='block_1_2' title="bbox 115 379 1292 2383">
    <p class='ocr_par' dir='ltr' id='par_1_2' title="bbox 115 379 1292 2383">
     <span class='ocr_line' id='line_1_2' title="bbox 117 379 1288 465; baseline -0.003 -19"><span class='ocrx_word' id='word_1_2' title='bbox 117 383 229 446; x_wconf 88' lang='lat' dir='ltr'>aetatis</span> <span class='ocrx_word' id='word_1_3' title='bbox 261 386 417 465; x_wconf 89' lang='lat' dir='ltr'>arreptum</span> <span class='ocrx_word' id='word_1_4' title='bbox 450 401 517 446; x_wconf 89' lang='lat' dir='ltr'>asse</span> <span class='ocrx_word' id='word_1_5' title='bbox 549 383 725 447; x_wconf 77' lang='lat' dir='ltr'>luculenter</span> <span class='ocrx_word' id='word_1_6' title='bbox 757 382 979 446; x_wconf 87' lang='lat' dir='ltr'>demonstrauit</span> <span class='ocrx_word' id='word_1_7' title='bbox 1006 381 1049 444; x_wconf 88' lang='lat' dir='ltr'>M.</span> <span class='ocrx_word' id='word_1_8' title='bbox 1072 379 1230 463; x_wconf 90' lang='lat' dir='ltr'>Hauptius</span> <span class='ocrx_word' id='word_1_9' title='bbox 1254 380 1288 443; x_wconf 92' lang='lat' dir='ltr'>in</span> 
     </span>
     <span class='ocr_line' id='line_1_3' title="bbox 118 487 1289 572; baseline -0.003 -19"><span class='ocrx_word' id='word_1_10' title='bbox 118 489 246 554; x_wconf 89' lang='lat' dir='ltr'>Obseru.</span> <span class='ocrx_word' id='word_1_11' title='bbox 274 490 343 552; x_wconf 90' lang='lat' dir='ltr'>crit.</span> <span class='ocrx_word' id='word_1_12' title='bbox 370 508 400 571; x_wconf 89' lang='lat' dir='ltr'>p.</span> <span class='ocrx_word' id='word_1_13' title='bbox 431 491 472 551; x_wconf 85' lang='lat'>54</span> <span class='ocrx_word' id='word_1_14' title='bbox 501 508 586 570; x_wconf 84' lang='lat' dir='ltr'>seqq.</span> <span class='ocrx_word' id='word_1_15' title='bbox 613 490 651 571; x_wconf 85' lang='lat'>(=</span> <span class='ocrx_word' id='word_1_16' title='bbox 671 488 727 572; x_wconf 91' lang='lat' dir='ltr'>Op.</span> <span class='ocrx_word' id='word_1_17' title='bbox 751 488 776 564; x_wconf 92' lang='grc' dir='ltr'>Ι,</span> <span class='ocrx_word' id='word_1_18' title='bbox 806 489 867 552; x_wconf 83' lang='grc'>126</span> <span class='ocrx_word' id='word_1_19' title='bbox 898 488 995 569; x_wconf 84' lang='lat' dir='ltr'>seqq.)</span> <span class='ocrx_word' id='word_1_20' title='bbox 1030 488 1200 570; x_wconf 87' lang='lat' dir='ltr'>Dionysius</span> <span class='ocrx_word' id='word_1_21' title='bbox 1229 487 1289 551; x_wconf 87' lang='lat' dir='ltr'>sibi</span> 
     </span>
     <span class='ocr_line' id='line_1_4' title="bbox 115 589 1289 678; baseline -0.003 -19"><span class='ocrx_word' id='word_1_22' title='bbox 115 596 257 678; x_wconf 78' lang='lat' dir='ltr'>permisit</span> <span class='ocrx_word' id='word_1_23' title='bbox 296 596 415 659; x_wconf 90' lang='lat' dir='ltr'>duobus</span> <span class='ocrx_word' id='word_1_24' title='bbox 450 597 543 659; x_wconf 89' lang='lat' dir='ltr'>locis:</span> <span class='ocrx_word' id='word_1_25' title='bbox 582 617 612 659; x_wconf 92' lang='lat' dir='ltr'>u.</span> <span class='ocrx_word' id='word_1_26' title='bbox 653 597 716 658; x_wconf 81' lang='grc'>538</span> <span class='ocrx_word' id='word_1_27' title='bbox 756 596 871 671; x_wconf 64' lang='lat' dir='ltr'>‚asido</span> <span class='ocrx_word' id='word_1_28' title='bbox 910 593 1022 668; x_wconf 81' lang='grc' dir='ltr'><em>Μέλας</em></span> <span class='ocrx_word' id='word_1_29' title='bbox 1060 593 1123 656; x_wconf 86' lang='grc' dir='ltr'>καὶ</span> <span class='ocrx_word' id='word_1_30' title='bbox 1160 589 1289 669; x_wconf 71' lang='grc' dir='ltr'><strong><em>κόλπος</em></strong></span> 
     </span>
     <span class='ocr_line' id='line_1_5' title="bbox 117 693 1288 788; baseline -0.002 -25"><span class='ocrx_word' id='word_1_31' title='bbox 117 694 169 788; x_wconf 74' lang='grc' dir='ltr'>ἐφ’</span> <span class='ocrx_word' id='word_1_32' title='bbox 182 697 425 786; x_wconf 75' lang='grc' dir='ltr'><strong><em>Ἑλλήσποντον</em></strong></span> <span class='ocrx_word' id='word_1_33' title='bbox 440 698 549 787; x_wconf 67' lang='grc' dir='ltr'><strong><em>ἵησιν*</em></strong></span> <span class='ocrx_word' id='word_1_34' title='bbox 574 705 605 766; x_wconf 90' lang='lat' dir='ltr'>et</span> <span class='ocrx_word' id='word_1_35' title='bbox 622 703 685 766; x_wconf 87' lang='grc'>850</span> <span class='ocrx_word' id='word_1_36' title='bbox 703 703 892 787; x_wconf 59' lang='grc' dir='ltr'><strong><em>,αραείνεται</em></strong></span> <span class='ocrx_word' id='word_1_37' title='bbox 917 693 1015 784; x_wconf 76' lang='grc' dir='ltr'><strong><em>οὔρεα</em></strong></span> <span class='ocrx_word' id='word_1_38' title='bbox 1037 696 1161 786; x_wconf 82' lang='grc' dir='ltr'><strong><em>Ταύρου</em></strong></span> <span class='ocrx_word' id='word_1_39' title='bbox 1177 697 1179 786; x_wconf 66' lang='lat' dir='ltr'>t</span> <span class='ocrx_word' id='word_1_40' title='bbox 1196 705 1288 779; x_wconf 84' lang='grc' dir='ltr'><strong><em>Παμ-</em></strong></span> 
     </span>
     <span class='ocr_line' id='line_1_6' title="bbox 119 804 1289 893; baseline -0.002 -25"><span class='ocrx_word' id='word_1_41' title='bbox 119 804 234 893; x_wconf 78' lang='grc' dir='ltr'><strong><em>φύλων</em></strong></span> <span class='ocrx_word' id='word_1_42' title='bbox 257 807 323 869; x_wconf 90' lang='grc' dir='ltr'>καὶ</span> <span class='ocrx_word' id='word_1_43' title='bbox 346 811 475 893; x_wconf 81' lang='grc' dir='ltr'><em>μέχρι.“</em></span> <span class='ocrx_word' id='word_1_44' title='bbox 501 846 540 854; x_wconf 95' lang='grc'><strong>-</strong></span> <span class='ocrx_word' id='word_1_45' title='bbox 572 806 609 871; x_wconf 76' lang='grc' dir='ltr'>δέ</span> <span class='ocrx_word' id='word_1_46' title='bbox 637 812 709 891; x_wconf 93' lang='lat' dir='ltr'>post</span> <span class='ocrx_word' id='word_1_47' title='bbox 736 808 795 872; x_wconf 91' lang='lat' dir='ltr'>duo</span> <span class='ocrx_word' id='word_1_48' title='bbox 822 809 975 871; x_wconf 91' lang='lat' dir='ltr'>uocabula</span> <span class='ocrx_word' id='word_1_49' title='bbox 996 808 1146 870; x_wconf 87' lang='lat' dir='ltr'>reiectum</span> <span class='ocrx_word' id='word_1_50' title='bbox 1168 827 1199 869; x_wconf 92' lang='lat' dir='ltr'>u.</span> <span class='ocrx_word' id='word_1_51' title='bbox 1226 805 1289 868; x_wconf 87' lang='grc'>156</span> 
     </span>
     <span class='ocr_line' id='line_1_7' title="bbox 116 913 1290 996; baseline -0.002 -19"><span class='ocrx_word' id='word_1_52' title='bbox 116 916 232 978; x_wconf 90' lang='lat' dir='ltr'>iustam</span> <span class='ocrx_word' id='word_1_53' title='bbox 264 915 358 978; x_wconf 90' lang='lat' dir='ltr'>habet</span> <span class='ocrx_word' id='word_1_54' title='bbox 390 916 620 979; x_wconf 81' lang='lat' dir='ltr'>excusationem</span> <span class='ocrx_word' id='word_1_55' title='bbox 652 935 685 979; x_wconf 91' lang='lat' dir='ltr'>eo</span> <span class='ocrx_word' id='word_1_56' title='bbox 719 916 800 995; x_wconf 92' lang='lat' dir='ltr'>quod</span> <span class='ocrx_word' id='word_1_57' title='bbox 823 918 892 996; x_wconf 92' lang='lat' dir='ltr'>post</span> <span class='ocrx_word' id='word_1_58' title='bbox 915 914 994 977; x_wconf 88' lang='lat' dir='ltr'>duas</span> <span class='ocrx_word' id='word_1_59' title='bbox 1016 933 1121 989; x_wconf 89' lang='lat' dir='ltr'>uoces,</span> <span class='ocrx_word' id='word_1_60' title='bbox 1153 913 1290 994; x_wconf 90' lang='lat' dir='ltr'>quaein</span> 
     </span>
     <span class='ocr_line' id='line_1_8' title="bbox 116 1021 1290 1106; baseline -0.002 -22"><span class='ocrx_word' id='word_1_61' title='bbox 116 1040 212 1084; x_wconf 90' lang='lat' dir='ltr'>unam</span> <span class='ocrx_word' id='word_1_62' title='bbox 235 1022 414 1085; x_wconf 88' lang='lat' dir='ltr'>coalescunt</span> <span class='ocrx_word' id='word_1_63' title='bbox 435 1024 594 1087; x_wconf 89' lang='lat' dir='ltr'>notionem</span> <span class='ocrx_word' id='word_1_64' title='bbox 618 1024 772 1106; x_wconf 87' lang='lat' dir='ltr'>particula</span> <span class='ocrx_word' id='word_1_65' title='bbox 793 1023 881 1084; x_wconf 89' lang='lat' dir='ltr'>illata</span> <span class='ocrx_word' id='word_1_66' title='bbox 897 1023 944 1085; x_wconf 88' lang='lat' dir='ltr'>est</span> <span class='ocrx_word' id='word_1_67' title='bbox 966 1023 1003 1084; x_wconf 88' lang='lat' dir='ltr'>ut</span> <span class='ocrx_word' id='word_1_68' title='bbox 1019 1021 1101 1103; x_wconf 92' lang='lat' dir='ltr'>apud</span> <span class='ocrx_word' id='word_1_69' title='bbox 1117 1021 1290 1084; x_wconf 82' lang='lat' dir='ltr'>Homerum</span> 
     </span>
     <span class='ocr_line' id='line_1_9' title="bbox 115 1119 1291 1212; baseline -0.003 -22"><span class='ocrx_word' id='word_1_70' title='bbox 115 1128 153 1193; x_wconf 91' lang='lat' dir='ltr'>Il.</span> <span class='ocrx_word' id='word_1_71' title='bbox 177 1128 231 1204; x_wconf 89' lang='lat' dir='ltr'>IV,</span> <span class='ocrx_word' id='word_1_72' title='bbox 263 1129 325 1191; x_wconf 87' lang='grc'>471</span> <span class='ocrx_word' id='word_1_73' title='bbox 359 1120 414 1190; x_wconf 73' lang='grc' dir='ltr'>ἐπ’</span> <span class='ocrx_word' id='word_1_74' title='bbox 440 1120 531 1212; x_wconf 73' lang='grc' dir='ltr'><strong><em>αὐτῷ</em></strong></span> <span class='ocrx_word' id='word_1_75' title='bbox 556 1122 595 1192; x_wconf 73' lang='lat' dir='ltr'>d⁰.</span> <span class='ocrx_word' id='word_1_76' title='bbox 621 1130 689 1206; x_wconf 79' lang='lat' dir='ltr'>VII,</span> <span class='ocrx_word' id='word_1_77' title='bbox 723 1130 786 1191; x_wconf 86' lang='lat'>248</span> <span class='ocrx_word' id='word_1_78' title='bbox 811 1122 845 1188; x_wconf 76' lang='grc' dir='ltr'>ἐν</span> <span class='ocrx_word' id='word_1_79' title='bbox 867 1127 908 1211; x_wconf 77' lang='grc' dir='ltr'>τῇ</span> <span class='ocrx_word' id='word_1_80' title='bbox 932 1119 971 1205; x_wconf 76' lang='grc' dir='ltr'>δ’,</span> <span class='ocrx_word' id='word_1_81' title='bbox 995 1128 1066 1204; x_wconf 87' lang='lat' dir='ltr'>XX,</span> <span class='ocrx_word' id='word_1_82' title='bbox 1098 1128 1162 1191; x_wconf 86' lang='lat'>418</span> <span class='ocrx_word' id='word_1_83' title='bbox 1187 1124 1291 1211; x_wconf 79' lang='grc' dir='ltr'><strong><em>προτὶ</em></strong></span> 
     </span>
     <span class='ocr_line' id='line_1_10' title="bbox 117 1224 1292 1310; baseline 0 -14"><span class='ocrx_word' id='word_1_84' title='bbox 117 1229 150 1296; x_wconf 80' lang='grc' dir='ltr'>οἶ</span> <span class='ocrx_word' id='word_1_85' title='bbox 173 1226 211 1296; x_wconf 72' lang='lat' dir='ltr'>d⁰.</span> <span class='ocrx_word' id='word_1_86' title='bbox 245 1233 301 1298; x_wconf 88' lang='lat' dir='ltr'>Od.</span> <span class='ocrx_word' id='word_1_87' title='bbox 327 1235 415 1309; x_wconf 79' lang='lat' dir='ltr'>VIII,</span> <span class='ocrx_word' id='word_1_88' title='bbox 440 1237 503 1300; x_wconf 86' lang='lat'>540</span> <span class='ocrx_word' id='word_1_89' title='bbox 529 1231 564 1296; x_wconf 78' lang='grc' dir='ltr'>ἐκ</span> <span class='ocrx_word' id='word_1_90' title='bbox 587 1236 646 1297; x_wconf 81' lang='grc' dir='ltr'>τοῦ</span> <span class='ocrx_word' id='word_1_91' title='bbox 672 1228 700 1298; x_wconf 72' lang='lat' dir='ltr'>d⁰</span> <span class='ocrx_word' id='word_1_92' title='bbox 724 1235 806 1310; x_wconf 85' lang='lat' dir='ltr'><strong>XIV,</strong></span> <span class='ocrx_word' id='word_1_93' title='bbox 833 1237 894 1298; x_wconf 84' lang='lat'>120</span> <span class='ocrx_word' id='word_1_94' title='bbox 919 1229 978 1295; x_wconf 75' lang='grc' dir='ltr'>ἐπὶ</span> <span class='ocrx_word' id='word_1_95' title='bbox 1001 1230 1111 1295; x_wconf 76' lang='grc' dir='ltr'><strong><em>πολλοὶ</em></strong></span> <span class='ocrx_word' id='word_1_96' title='bbox 1136 1224 1175 1296; x_wconf 47' lang='grc' dir='ltr'>δ).</span> <span class='ocrx_word' id='word_1_97' title='bbox 1208 1233 1292 1298; x_wconf 85' lang='lat' dir='ltr'>Con·</span> 
     </span>
     <span class='ocr_line' id='line_1_11' title="bbox 117 1331 1292 1424; baseline -0.001 -20"><span class='ocrx_word' id='word_1_98' title='bbox 117 1342 269 1405; x_wconf 86' lang='lat' dir='ltr'>iacturam</span> <span class='ocrx_word' id='word_1_99' title='bbox 292 1342 487 1424; x_wconf 88' lang='lat' dir='ltr'>Bernhardyi</span> <span class='ocrx_word' id='word_1_100' title='bbox 515 1363 547 1405; x_wconf 92' lang='lat' dir='ltr'>u.</span> <span class='ocrx_word' id='word_1_101' title='bbox 572 1343 635 1406; x_wconf 86' lang='lat'>387</span> <span class='ocrx_word' id='word_1_102' title='bbox 661 1339 851 1421; x_wconf 85' lang='grc' dir='ltr'><strong><em>Βοολιμέων</em></strong></span> <span class='ocrx_word' id='word_1_103' title='bbox 874 1333 912 1401; x_wconf 72' lang='grc' dir='ltr'>τ’·</span> <span class='ocrx_word' id='word_1_104' title='bbox 937 1332 1056 1414; x_wconf 77' lang='grc' dir='ltr'><strong><em>ἀκταῖς</em></strong></span> <span class='ocrx_word' id='word_1_105' title='bbox 1079 1335 1138 1401; x_wconf 76' lang='grc' dir='ltr'>ἐπὶ</span> <span class='ocrx_word' id='word_1_106' title='bbox 1162 1331 1201 1417; x_wconf 76' lang='grc' dir='ltr'>δ’,</span> <span class='ocrx_word' id='word_1_107' title='bbox 1227 1358 1292 1420; x_wconf 89' lang='lat' dir='ltr'>qua</span> 
     </span>
     <span class='ocr_line' id='line_1_12' title="bbox 121 1445 1289 1530; baseline -0.001 -20"><span class='ocrx_word' id='word_1_108' title='bbox 121 1445 158 1510; x_wconf 79' lang='grc' dir='ltr'>δέ</span> <span class='ocrx_word' id='word_1_109' title='bbox 179 1450 250 1530; x_wconf 91' lang='lat' dir='ltr'>post</span> <span class='ocrx_word' id='word_1_110' title='bbox 266 1449 326 1512; x_wconf 91' lang='lat' dir='ltr'>duo</span> <span class='ocrx_word' id='word_1_111' title='bbox 351 1449 505 1512; x_wconf 91' lang='lat' dir='ltr'>uocabula</span> <span class='ocrx_word' id='word_1_112' title='bbox 529 1451 575 1511; x_wconf 89' lang='lat' dir='ltr'>est</span> <span class='ocrx_word' id='word_1_113' title='bbox 590 1449 729 1529; x_wconf 92' lang='lat' dir='ltr'>positum</span> <span class='ocrx_word' id='word_1_114' title='bbox 752 1467 813 1511; x_wconf 90' lang='lat' dir='ltr'>non</span> <span class='ocrx_word' id='word_1_115' title='bbox 829 1449 953 1529; x_wconf 86' lang='lat' dir='ltr'>propter</span> <span class='ocrx_word' id='word_1_116' title='bbox 968 1449 1049 1510; x_wconf 93' lang='lat' dir='ltr'>hanc</span> <span class='ocrx_word' id='word_1_117' title='bbox 1065 1447 1289 1522; x_wconf 67' lang='lat' dir='ltr'>aelectionem,</span> 
     </span>
     <span class='ocr_line' id='line_1_13' title="bbox 118 1553 1289 1636; baseline -0.002 -18"><span class='ocrx_word' id='word_1_118' title='bbox 118 1556 205 1618; x_wconf 89' lang='lat' dir='ltr'>cuius</span> <span class='ocrx_word' id='word_1_119' title='bbox 230 1556 369 1636; x_wconf 85' lang='lat' dir='ltr'>exempla</span> <span class='ocrx_word' id='word_1_120' title='bbox 392 1554 463 1620; x_wconf 81' lang='lat' dir='ltr'>aG.</span> <span class='ocrx_word' id='word_1_121' title='bbox 480 1555 659 1618; x_wconf 80' lang='lat' dir='ltr'>Hermanno</span> <span class='ocrx_word' id='word_1_122' title='bbox 681 1555 714 1617; x_wconf 91' lang='lat' dir='ltr'>in</span> <span class='ocrx_word' id='word_1_123' title='bbox 731 1553 856 1636; x_wconf 90' lang='lat' dir='ltr'>Orphic.</span> <span class='ocrx_word' id='word_1_124' title='bbox 880 1575 908 1636; x_wconf 89' lang='lat' dir='ltr'>p.</span> <span class='ocrx_word' id='word_1_125' title='bbox 927 1555 991 1617; x_wconf 87' lang='grc'>820</span> <span class='ocrx_word' id='word_1_126' title='bbox 1015 1555 1146 1618; x_wconf 88' lang='lat' dir='ltr'>collecta</span> <span class='ocrx_word' id='word_1_127' title='bbox 1168 1553 1289 1630; x_wconf 90' lang='lat' dir='ltr'>uideas,</span> 
     </span>
     <span class='ocr_line' id='line_1_14' title="bbox 117 1648 1291 1744; baseline 0 -20"><span class='ocrx_word' id='word_1_128' title='bbox 117 1662 169 1725; x_wconf 90' lang='lat' dir='ltr'>sed</span> <span class='ocrx_word' id='word_1_129' title='bbox 186 1666 315 1744; x_wconf 88' lang='lat' dir='ltr'>propter</span> <span class='ocrx_word' id='word_1_130' title='bbox 334 1648 525 1725; x_wconf 86' lang='lat' dir='ltr'>¹sententiam</span> <span class='ocrx_word' id='word_1_131' title='bbox 547 1661 648 1743; x_wconf 91' lang='lat' dir='ltr'>ipsam</span> <span class='ocrx_word' id='word_1_132' title='bbox 671 1662 723 1724; x_wconf 83' lang='lat' dir='ltr'>uix</span> <span class='ocrx_word' id='word_1_133' title='bbox 746 1663 893 1743; x_wconf 88' lang='lat' dir='ltr'>cuiquam</span> <span class='ocrx_word' id='word_1_134' title='bbox 915 1664 990 1743; x_wconf 92' lang='lat' dir='ltr'>puto</span> <span class='ocrx_word' id='word_1_135' title='bbox 1014 1680 1079 1725; x_wconf 90' lang='lat' dir='ltr'>esse</span> <span class='ocrx_word' id='word_1_136' title='bbox 1102 1661 1291 1743; x_wconf 76' lang='lat' dir='ltr'>placituram</span> 
     </span>
     <span class='ocr_line' id='line_1_15' title="bbox 117 1765 1288 1850; baseline -0.002 -18"><span class='ocrx_word' id='word_1_137' title='bbox 117 1768 154 1832; x_wconf 87' lang='lat' dir='ltr'>cf.</span> <span class='ocrx_word' id='word_1_138' title='bbox 178 1769 210 1849; x_wconf 80' lang='lat' dir='ltr'>C.</span> <span class='ocrx_word' id='word_1_139' title='bbox 227 1769 371 1832; x_wconf 87' lang='lat' dir='ltr'>Muelleri</span> <span class='ocrx_word' id='word_1_140' title='bbox 395 1768 544 1849; x_wconf 87' lang='lat' dir='ltr'>disputat.</span> <span class='ocrx_word' id='word_1_141' title='bbox 567 1768 586 1829; x_wconf 93' lang='lat' dir='ltr'>l.</span> <span class='ocrx_word' id='word_1_142' title='bbox 606 1765 695 1848; x_wconf 61' lang='lat'>(2¹4).</span> <span class='ocrx_word' id='word_1_143' title='bbox 717 1805 756 1813; x_wconf 94' lang='lat'>-</span> <span class='ocrx_word' id='word_1_144' title='bbox 781 1769 948 1850; x_wconf 88' lang='lat' dir='ltr'>Perperam</span> <span class='ocrx_word' id='word_1_145' title='bbox 968 1767 1151 1848; x_wconf 84' lang='lat' dir='ltr'>Bernhardy</span> <span class='ocrx_word' id='word_1_146' title='bbox 1173 1786 1204 1832; x_wconf 94' lang='lat' dir='ltr'>u.</span> <span class='ocrx_word' id='word_1_147' title='bbox 1223 1768 1288 1831; x_wconf 84' lang='lat'>724</span> 
     </span>
     <span class='ocr_line' id='line_1_16' title="bbox 117 1871 1290 1957; baseline -0.002 -18"><span class='ocrx_word' id='word_1_148' title='bbox 117 1876 154 1939; x_wconf 92' lang='lat' dir='ltr'>de</span> <span class='ocrx_word' id='word_1_149' title='bbox 170 1877 322 1957; x_wconf 87' lang='lat' dir='ltr'>particula</span> <span class='ocrx_word' id='word_1_150' title='bbox 339 1871 390 1937; x_wconf 80' lang='grc' dir='ltr'>ἰδέ</span> <span class='ocrx_word' id='word_1_151' title='bbox 407 1874 533 1950; x_wconf 78' lang='lat' dir='ltr'>iudicat,</span> <span class='ocrx_word' id='word_1_152' title='bbox 556 1875 614 1937; x_wconf 91' lang='lat' dir='ltr'>hoc</span> <span class='ocrx_word' id='word_1_153' title='bbox 637 1875 824 1938; x_wconf 87' lang='lat' dir='ltr'>uocabulum</span> <span class='ocrx_word' id='word_1_154' title='bbox 840 1874 1075 1951; x_wconf 82' lang='lat' dir='ltr'>„Alexandrinis</span> <span class='ocrx_word' id='word_1_155' title='bbox 1090 1872 1290 1954; x_wconf 58' lang='lat' dir='ltr'>infrequens</span> 
     </span>
     <span class='ocr_line' id='line_1_17' title="bbox 117 1976 1292 2065; baseline -0.003 -20"><span class='ocrx_word' id='word_1_156' title='bbox 117 1984 290 2065; x_wconf 78' lang='lat' dir='ltr'>appellans,</span> <span class='ocrx_word' id='word_1_157' title='bbox 323 1981 437 2064; x_wconf 91' lang='lat' dir='ltr'>optime</span> <span class='ocrx_word' id='word_1_158' title='bbox 466 1982 573 2044; x_wconf 90' lang='lat' dir='ltr'>contra</span> <span class='ocrx_word' id='word_1_159' title='bbox 596 1980 632 2045; x_wconf 79' lang='lat' dir='ltr'>G.</span> <span class='ocrx_word' id='word_1_160' title='bbox 656 1981 855 2045; x_wconf 91' lang='lat' dir='ltr'>Hermannus</span> <span class='ocrx_word' id='word_1_161' title='bbox 883 1983 916 2044; x_wconf 93' lang='lat' dir='ltr'>in</span> <span class='ocrx_word' id='word_1_162' title='bbox 940 1981 1064 2063; x_wconf 88' lang='lat' dir='ltr'>Orphic.</span> <span class='ocrx_word' id='word_1_163' title='bbox 1092 2000 1121 2062; x_wconf 89' lang='lat' dir='ltr'>p.</span> <span class='ocrx_word' id='word_1_164' title='bbox 1148 1981 1212 2045; x_wconf 87' lang='grc'>812</span> <span class='ocrx_word' id='word_1_165' title='bbox 1239 1976 1292 2042; x_wconf 78' lang='grc' dir='ltr'>ἰδέ</span> 
     </span>
     <span class='ocr_line' id='line_1_18' title="bbox 118 2087 1288 2171; baseline 0.001 -19"><span class='ocrx_word' id='word_1_166' title='bbox 118 2108 208 2171; x_wconf 88' lang='lat' dir='ltr'>saepe</span> <span class='ocrx_word' id='word_1_167' title='bbox 242 2107 261 2152; x_wconf 90' lang='lat' dir='ltr'>a</span> <span class='ocrx_word' id='word_1_168' title='bbox 291 2088 512 2151; x_wconf 90' lang='lat' dir='ltr'>recentioribus</span> <span class='ocrx_word' id='word_1_169' title='bbox 546 2091 731 2170; x_wconf 87' lang='lat' dir='ltr'>usurpatum</span> <span class='ocrx_word' id='word_1_170' title='bbox 766 2107 833 2152; x_wconf 88' lang='lat' dir='ltr'>esse</span> <span class='ocrx_word' id='word_1_171' title='bbox 868 2089 1017 2170; x_wconf 85' lang='lat' dir='ltr'>exemplis</span> <span class='ocrx_word' id='word_1_172' title='bbox 1053 2087 1288 2153; x_wconf 86' lang='lat' dir='ltr'>demonstrauit.</span> 
     </span>
     <span class='ocr_line' id='line_1_19' title="bbox 118 2194 1290 2275; baseline -0.002 -16"><span class='ocrx_word' id='word_1_173' title='bbox 118 2195 241 2260; x_wconf 79' lang='lat' dir='ltr'>Ceteros</span> <span class='ocrx_word' id='word_1_174' title='bbox 273 2195 311 2258; x_wconf 87' lang='lat' dir='ltr'>ab</span> <span class='ocrx_word' id='word_1_175' title='bbox 343 2213 378 2258; x_wconf 91' lang='lat' dir='ltr'>eo</span> <span class='ocrx_word' id='word_1_176' title='bbox 409 2195 538 2258; x_wconf 91' lang='lat' dir='ltr'>omissos</span> <span class='ocrx_word' id='word_1_177' title='bbox 551 2194 598 2257; x_wconf 71' lang='lat' dir='ltr'>‘in</span> <span class='ocrx_word' id='word_1_178' title='bbox 627 2194 734 2272; x_wconf 79' lang='lat' dir='ltr'>Quint.</span> <span class='ocrx_word' id='word_1_179' title='bbox 766 2195 829 2260; x_wconf 83' lang='lat' dir='ltr'>Sm.</span> <span class='ocrx_word' id='word_1_180' title='bbox 862 2197 1016 2259; x_wconf 84' lang='lat' dir='ltr'>exstantes</span> <span class='ocrx_word' id='word_1_181' title='bbox 1047 2195 1129 2258; x_wconf 94' lang='lat' dir='ltr'>locos</span> <span class='ocrx_word' id='word_1_182' title='bbox 1162 2194 1290 2275; x_wconf 86' lang='lat' dir='ltr'>collegit</span> 
     </span>
     <span class='ocr_line' id='line_1_20' title="bbox 118 2300 1290 2383; baseline -0.001 -18"><span class='ocrx_word' id='word_1_183' title='bbox 118 2305 200 2366; x_wconf 88' lang='lat' dir='ltr'>Arm.</span> <span class='ocrx_word' id='word_1_184' title='bbox 217 2302 358 2382; x_wconf 83' lang='lat' dir='ltr'>Koechly</span> <span class='ocrx_word' id='word_1_185' title='bbox 380 2301 414 2363; x_wconf 91' lang='lat' dir='ltr'>in</span> <span class='ocrx_word' id='word_1_186' title='bbox 437 2300 541 2364; x_wconf 91' lang='lat' dir='ltr'>adnot.</span> <span class='ocrx_word' id='word_1_187' title='bbox 561 2301 642 2383; x_wconf 88' lang='lat' dir='ltr'>adl,</span> <span class='ocrx_word' id='word_1_188' title='bbox 665 2321 696 2364; x_wconf 93' lang='lat' dir='ltr'>u.</span> <span class='ocrx_word' id='word_1_189' title='bbox 714 2303 794 2376; x_wconf 75' lang='lat'>5293</span> <span class='ocrx_word' id='word_1_190' title='bbox 819 2303 873 2383; x_wconf 90' lang='lat' dir='ltr'>qui</span> <span class='ocrx_word' id='word_1_191' title='bbox 896 2302 944 2365; x_wconf 88' lang='lat' dir='ltr'>uir</span> <span class='ocrx_word' id='word_1_192' title='bbox 967 2301 1175 2377; x_wconf 86' lang='lat' dir='ltr'>doctissimus,</span> <span class='ocrx_word' id='word_1_193' title='bbox 1201 2301 1290 2364; x_wconf 90' lang='lat' dir='ltr'>cuius</span> 
     </span>
    </p>
   </div>
   <div class='ocr_carea' id='block_1_3' title="bbox 117 2402 1290 2810">
    <p class='ocr_par' dir='ltr' id='par_1_3' title="bbox 117 2402 1290 2810">
     <span class='ocr_line' id='line_1_21' title="bbox 118 2402 1290 2499; baseline -0.002 -26"><span class='ocrx_word' id='word_1_194' title='bbox 118 2409 155 2473; x_wconf 86' lang='lat' dir='ltr'>de</span> <span class='ocrx_word' id='word_1_195' title='bbox 178 2408 277 2490; x_wconf 85' lang='lat' dir='ltr'>poetis</span> <span class='ocrx_word' id='word_1_196' title='bbox 292 2407 510 2471; x_wconf 87' lang='lat' dir='ltr'>Alexandrinis</span> <span class='ocrx_word' id='word_1_197' title='bbox 535 2409 647 2472; x_wconf 90' lang='lat' dir='ltr'>merita</span> <span class='ocrx_word' id='word_1_198' title='bbox 669 2429 830 2499; x_wconf 86' lang='lat' dir='ltr'>uunquam</span> <span class='ocrx_word' id='word_1_199' title='bbox 846 2410 961 2473; x_wconf 77' lang='lat' dir='ltr'>delebit</span> <span class='ocrx_word' id='word_1_200' title='bbox 984 2408 1106 2485; x_wconf 91' lang='lat' dir='ltr'>obliuio,</span> <span class='ocrx_word' id='word_1_201' title='bbox 1130 2402 1290 2490; x_wconf 85' lang='lat' dir='ltr'>praeterea</span> 
     </span>
     <span class='ocr_line' id='line_1_22' title="bbox 117 2513 1289 2598; baseline -0.001 -19"><span class='ocrx_word' id='word_1_202' title='bbox 117 2517 209 2579; x_wconf 91' lang='lat' dir='ltr'>huius</span> <span class='ocrx_word' id='word_1_203' title='bbox 225 2516 396 2598; x_wconf 79' lang='lat' dir='ltr'>particulae</span> <span class='ocrx_word' id='word_1_204' title='bbox 418 2515 499 2597; x_wconf 87' lang='lat' dir='ltr'>apud</span> <span class='ocrx_word' id='word_1_205' title='bbox 517 2513 670 2593; x_wconf 79' lang='lat' dir='ltr'>Quintum</span> <span class='ocrx_word' id='word_1_206' title='bbox 687 2517 868 2580; x_wconf 89' lang='lat' dir='ltr'>obseruault</span> <span class='ocrx_word' id='word_1_207' title='bbox 883 2535 978 2580; x_wconf 92' lang='lat' dir='ltr'>usum</span> <span class='ocrx_word' id='word_1_208' title='bbox 994 2516 1204 2593; x_wconf 87' lang='lat' dir='ltr'>artificiosum,</span> <span class='ocrx_word' id='word_1_209' title='bbox 1229 2535 1289 2597; x_wconf 92' lang='lat' dir='ltr'>quo</span> 
     </span>
     <span class='ocr_line' id='line_1_23' title="bbox 117 2621 1290 2706; baseline 0 -21"><span class='ocrx_word' id='word_1_210' title='bbox 117 2623 168 2685; x_wconf 93' lang='lat' dir='ltr'>hic</span> <span class='ocrx_word' id='word_1_211' title='bbox 192 2641 261 2685; x_wconf 87' lang='lat' dir='ltr'>eam</span> <span class='ocrx_word' id='word_1_212' title='bbox 289 2622 431 2686; x_wconf 89' lang='lat' dir='ltr'>omnibus</span> <span class='ocrx_word' id='word_1_213' title='bbox 460 2621 535 2686; x_wconf 92' lang='lat' dir='ltr'>locis</span> <span class='ocrx_word' id='word_1_214' title='bbox 566 2641 628 2685; x_wconf 92' lang='lat' dir='ltr'>uno</span> <span class='ocrx_word' id='word_1_215' title='bbox 661 2624 783 2686; x_wconf 91' lang='lat' dir='ltr'>tantum</span> <span class='ocrx_word' id='word_1_216' title='bbox 814 2625 940 2704; x_wconf 84' lang='lat' dir='ltr'>excepto</span> <span class='ocrx_word' id='word_1_217' title='bbox 964 2623 1000 2706; x_wconf 84' lang='lat' dir='ltr'>(l,</span> <span class='ocrx_word' id='word_1_218' title='bbox 1026 2621 1110 2704; x_wconf 81' lang='grc'>254),</span> <span class='ocrx_word' id='word_1_219' title='bbox 1127 2624 1198 2704; x_wconf 92' lang='lat' dir='ltr'>post</span> <span class='ocrx_word' id='word_1_220' title='bbox 1221 2641 1290 2686; x_wconf 86' lang='lat' dir='ltr'>cae·</span> 
     </span>
     <span class='ocr_line' id='line_1_24' title="bbox 118 2728 1289 2810; baseline 0.001 -19"><span class='ocrx_word' id='word_1_221' title='bbox 118 2747 221 2792; x_wconf 88' lang='lat' dir='ltr'>suram</span> <span class='ocrx_word' id='word_1_222' title='bbox 242 2729 431 2792; x_wconf 87' lang='lat' dir='ltr'>trochaicam</span> <span class='ocrx_word' id='word_1_223' title='bbox 446 2729 598 2810; x_wconf 83' lang='lat' dir='ltr'>posuerit3</span> <span class='ocrx_word' id='word_1_224' title='bbox 621 2730 704 2793; x_wconf 91' lang='lat' dir='ltr'>hunc</span> <span class='ocrx_word' id='word_1_225' title='bbox 725 2731 831 2793; x_wconf 89' lang='lat' dir='ltr'>autem</span> <span class='ocrx_word' id='word_1_226' title='bbox 853 2748 949 2793; x_wconf 93' lang='lat' dir='ltr'>usum</span> <span class='ocrx_word' id='word_1_227' title='bbox 971 2749 1034 2793; x_wconf 91' lang='lat' dir='ltr'>non</span> <span class='ocrx_word' id='word_1_228' title='bbox 1058 2732 1161 2794; x_wconf 91' lang='lat' dir='ltr'>solum</span> <span class='ocrx_word' id='word_1_229' title='bbox 1178 2728 1289 2808; x_wconf 82' lang='lat' dir='ltr'>Quinti</span> 
     </span>
    </p>
   </div>
   <div class='ocr_carea' id='block_1_4' title="bbox 116 2834 1289 3992">
    <p class='ocr_par' dir='ltr' id='par_1_4' title="bbox 116 2834 1289 3992">
     <span class='ocr_line' id='line_1_25' title="bbox 117 2834 1287 2925; baseline 0.002 -27"><span class='ocrx_word' id='word_1_230' title='bbox 117 2834 221 2909; x_wconf 84' lang='lat' dir='ltr'>fuisse,</span> <span class='ocrx_word' id='word_1_231' title='bbox 240 2835 294 2898; x_wconf 91' lang='lat' dir='ltr'>sed</span> <span class='ocrx_word' id='word_1_232' title='bbox 310 2835 405 2897; x_wconf 88' lang='lat' dir='ltr'>etiam</span> <span class='ocrx_word' id='word_1_233' title='bbox 422 2834 553 2898; x_wconf 93' lang='lat' dir='ltr'>aliorum</span> <span class='ocrx_word' id='word_1_234' title='bbox 569 2836 847 2900; x_wconf 86' lang='lat' dir='ltr'>Alexandrinorum</span> <span class='ocrx_word' id='word_1_235' title='bbox 862 2837 1076 2918; x_wconf 88' lang='lat' dir='ltr'>seriorumque</span> <span class='ocrx_word' id='word_1_236' title='bbox 1092 2837 1287 2925; x_wconf 87' lang='lat' dir='ltr'>contendam.</span> 
     </span>
     <span class='ocr_line' id='line_1_26' title="bbox 116 2939 1287 3022; baseline -0.001 -16"><span class='ocrx_word' id='word_1_237' title='bbox 116 2942 274 3006; x_wconf 89' lang='lat' dir='ltr'>Nicander</span> <span class='ocrx_word' id='word_1_238' title='bbox 305 2941 388 3004; x_wconf 89' lang='lat' dir='ltr'>enim</span> <span class='ocrx_word' id='word_1_239' title='bbox 420 2941 537 3022; x_wconf 88' lang='lat' dir='ltr'>ubique</span> <span class='ocrx_word' id='word_1_240' title='bbox 572 2941 645 3005; x_wconf 89' lang='lat' dir='ltr'>huic</span> <span class='ocrx_word' id='word_1_241' title='bbox 679 2942 745 3005; x_wconf 92' lang='lat' dir='ltr'>sedi</span> <span class='ocrx_word' id='word_1_242' title='bbox 767 2943 879 3006; x_wconf 86' lang='lat' dir='ltr'>tribuit</span> <span class='ocrx_word' id='word_1_243' title='bbox 902 2939 952 3005; x_wconf 68' lang='lat' dir='ltr'>tot</span> <span class='ocrx_word' id='word_1_244' title='bbox 975 2943 1012 3007; x_wconf 83' lang='lat' dir='ltr'>cf.</span> <span class='ocrx_word' id='word_1_245' title='bbox 1035 2944 1091 3007; x_wconf 81' lang='lat' dir='ltr'>Th.</span> <span class='ocrx_word' id='word_1_246' title='bbox 1115 2943 1188 3008; x_wconf 82' lang='grc'><strong>616.</strong></span> <span class='ocrx_word' id='word_1_247' title='bbox 1213 2944 1287 3006; x_wconf 84' lang='grc'>856.</span> 
     </span>
     <span class='ocr_line' id='line_1_27' title="bbox 117 3046 1288 3131; baseline -0.001 -19"><span class='ocrx_word' id='word_1_248' title='bbox 117 3049 167 3112; x_wconf 93' lang='lat' dir='ltr'>Al.</span> <span class='ocrx_word' id='word_1_249' title='bbox 195 3049 244 3111; x_wconf 86' lang='grc'>12.</span> <span class='ocrx_word' id='word_1_250' title='bbox 271 3049 343 3111; x_wconf 88' lang='grc'>395.</span> <span class='ocrx_word' id='word_1_251' title='bbox 368 3048 441 3111; x_wconf 87' lang='grc'>467.</span> <span class='ocrx_word' id='word_1_252' title='bbox 467 3047 502 3110; x_wconf 78' lang='lat' dir='ltr'>fr.</span> <span class='ocrx_word' id='word_1_253' title='bbox 529 3048 579 3123; x_wconf 85' lang='grc'>70,</span> <span class='ocrx_word' id='word_1_254' title='bbox 605 3048 633 3124; x_wconf 90' lang='grc'>4,</span> <span class='ocrx_word' id='word_1_255' title='bbox 659 3046 800 3131; x_wconf 87' lang='lat' dir='ltr'>Orpheus</span> <span class='ocrx_word' id='word_1_256' title='bbox 825 3050 944 3113; x_wconf 91' lang='lat' dir='ltr'>duobus</span> <span class='ocrx_word' id='word_1_257' title='bbox 967 3052 1092 3113; x_wconf 89' lang='lat' dir='ltr'>tantum</span> <span class='ocrx_word' id='word_1_258' title='bbox 1114 3051 1191 3114; x_wconf 88' lang='lat' dir='ltr'>locis</span> <span class='ocrx_word' id='word_1_259' title='bbox 1215 3053 1288 3131; x_wconf 93' lang='lat' dir='ltr'>Arg.</span> 
     </span>
     <span class='ocr_line' id='line_1_28' title="bbox 118 3154 1288 3239; baseline 0.003 -23"><span class='ocrx_word' id='word_1_260' title='bbox 118 3155 191 3217; x_wconf 89' lang='grc'>643.</span> <span class='ocrx_word' id='word_1_261' title='bbox 212 3156 274 3218; x_wconf 83' lang='grc'>965</span> <span class='ocrx_word' id='word_1_262' title='bbox 300 3155 338 3217; x_wconf 85' lang='lat' dir='ltr'>ab</span> <span class='ocrx_word' id='word_1_263' title='bbox 362 3154 421 3217; x_wconf 88' lang='lat' dir='ltr'>hac</span> <span class='ocrx_word' id='word_1_264' title='bbox 444 3155 512 3234; x_wconf 91' lang='lat' dir='ltr'>lege</span> <span class='ocrx_word' id='word_1_265' title='bbox 535 3155 670 3230; x_wconf 87' lang='lat' dir='ltr'>recessit,</span> <span class='ocrx_word' id='word_1_266' title='bbox 694 3157 804 3219; x_wconf 89' lang='lat' dir='ltr'>ceteris</span> <span class='ocrx_word' id='word_1_267' title='bbox 828 3156 979 3220; x_wconf 84' lang='lat' dir='ltr'>tredecim</span> <span class='ocrx_word' id='word_1_268' title='bbox 1001 3176 1064 3220; x_wconf 91' lang='lat' dir='ltr'>non</span> <span class='ocrx_word' id='word_1_269' title='bbox 1088 3176 1230 3239; x_wconf 78' lang='lat' dir='ltr'>peccans,</span> <span class='ocrx_word' id='word_1_270' title='bbox 1255 3158 1288 3220; x_wconf 90' lang='lat' dir='ltr'>in</span> 
     </span>
     <span class='ocr_line' id='line_1_29' title="bbox 116 3261 1288 3347; baseline 0.001 -22"><span class='ocrx_word' id='word_1_271' title='bbox 116 3261 312 3325; x_wconf 89' lang='lat' dir='ltr'>Manethonis</span> <span class='ocrx_word' id='word_1_272' title='bbox 336 3261 525 3325; x_wconf 89' lang='lat' dir='ltr'>carminibus</span> <span class='ocrx_word' id='word_1_273' title='bbox 549 3262 681 3325; x_wconf 86' lang='lat' dir='ltr'>eandem</span> <span class='ocrx_word' id='word_1_274' title='bbox 700 3263 900 3326; x_wconf 89' lang='lat' dir='ltr'>seueritatem</span> <span class='ocrx_word' id='word_1_275' title='bbox 916 3265 1078 3328; x_wconf 85' lang='lat' dir='ltr'>obseruare</span> <span class='ocrx_word' id='word_1_276' title='bbox 1094 3266 1189 3347; x_wconf 87' lang='lat' dir='ltr'>potas,</span> <span class='ocrx_word' id='word_1_277' title='bbox 1214 3283 1288 3327; x_wconf 93' lang='lat' dir='ltr'>cum</span> 
     </span>
     <span class='ocr_line' id='line_1_30' title="bbox 117 3355 1289 3452; baseline 0.003 -21"><span class='ocrx_word' id='word_1_278' title='bbox 117 3369 284 3432; x_wconf 87' lang='lat' dir='ltr'>contuleris</span> <span class='ocrx_word' id='word_1_279' title='bbox 300 3369 383 3432; x_wconf 88' lang='lat' dir='ltr'>locos</span> <span class='ocrx_word' id='word_1_280' title='bbox 400 3388 418 3432; x_wconf 92' lang='lat' dir='ltr'>a</span> <span class='ocrx_word' id='word_1_281' title='bbox 433 3366 469 3433; x_wconf 79' lang='lat' dir='ltr'>G.</span> <span class='ocrx_word' id='word_1_282' title='bbox 487 3368 666 3432; x_wconf 86' lang='lat' dir='ltr'>Hermanno</span> <span class='ocrx_word' id='word_1_283' title='bbox 682 3355 746 3432; x_wconf 61' lang='lat' dir='ltr'>l.&#39;c.</span> <span class='ocrx_word' id='word_1_284' title='bbox 764 3370 914 3447; x_wconf 88' lang='lat' dir='ltr'>laudatos,</span> <span class='ocrx_word' id='word_1_285' title='bbox 935 3390 1068 3452; x_wconf 88' lang='lat' dir='ltr'>quorum</span> <span class='ocrx_word' id='word_1_286' title='bbox 1084 3372 1145 3435; x_wconf 93' lang='lat' dir='ltr'>duo</span> <span class='ocrx_word' id='word_1_287' title='bbox 1161 3372 1289 3434; x_wconf 90' lang='lat' dir='ltr'>tantum</span> 
     </span>
     <span class='ocr_line' id='line_1_31' title="bbox 117 3469 1289 3560; baseline 0.002 -21"><span class='ocrx_word' id='word_1_288' title='bbox 117 3477 178 3557; x_wconf 89' lang='lat' dir='ltr'>legi</span> <span class='ocrx_word' id='word_1_289' title='bbox 200 3477 372 3558; x_wconf 86' lang='lat' dir='ltr'>repugnent</span> <span class='ocrx_word' id='word_1_290' title='bbox 395 3475 459 3558; x_wconf 84' lang='lat' dir='ltr'>(IV,</span> <span class='ocrx_word' id='word_1_291' title='bbox 484 3476 556 3540; x_wconf 77' lang='lat'>211.</span> <span class='ocrx_word' id='word_1_292' title='bbox 580 3475 625 3538; x_wconf 87' lang='lat' dir='ltr'>VI</span> <span class='ocrx_word' id='word_1_293' title='bbox 640 3472 722 3560; x_wconf 82' lang='lat'>(111),</span> <span class='ocrx_word' id='word_1_294' title='bbox 749 3473 802 3558; x_wconf 91' lang='grc'>14)</span> <span class='ocrx_word' id='word_1_295' title='bbox 823 3496 881 3541; x_wconf 91' lang='lat' dir='ltr'>neo</span> <span class='ocrx_word' id='word_1_296' title='bbox 896 3478 1025 3541; x_wconf 90' lang='lat' dir='ltr'>Proclus</span> <span class='ocrx_word' id='word_1_297' title='bbox 1041 3479 1071 3541; x_wconf 94' lang='lat' dir='ltr'>h.</span> <span class='ocrx_word' id='word_1_298' title='bbox 1089 3469 1152 3554; x_wconf 85' lang='grc' dir='ltr'>ΙΙΙ,Ι</span> <span class='ocrx_word' id='word_1_299' title='bbox 1166 3478 1187 3540; x_wconf 84' lang='grc'><strong>6</strong></span> <span class='ocrx_word' id='word_1_300' title='bbox 1203 3479 1289 3542; x_wconf 91' lang='lat' dir='ltr'>hunc</span> 
     </span>
     <span class='ocr_line' id='line_1_32' title="bbox 117 3582 1289 3666; baseline 0.002 -20"><span class='ocrx_word' id='word_1_301' title='bbox 117 3602 209 3647; x_wconf 92' lang='lat' dir='ltr'>usum</span> <span class='ocrx_word' id='word_1_302' title='bbox 231 3582 380 3662; x_wconf 80' lang='lat' dir='ltr'>neglexit3</span> <span class='ocrx_word' id='word_1_303' title='bbox 405 3582 533 3646; x_wconf 82' lang='lat' dir='ltr'>Tretzes</span> <span class='ocrx_word' id='word_1_304' title='bbox 549 3583 649 3646; x_wconf 88' lang='lat' dir='ltr'>tribus</span> <span class='ocrx_word' id='word_1_305' title='bbox 672 3583 747 3646; x_wconf 91' lang='lat' dir='ltr'>locis</span> <span class='ocrx_word' id='word_1_306' title='bbox 769 3585 806 3647; x_wconf 85' lang='lat' dir='ltr'>A.</span> <span class='ocrx_word' id='word_1_307' title='bbox 825 3584 888 3647; x_wconf 83' lang='lat'>326</span> <span class='ocrx_word' id='word_1_308' title='bbox 905 3584 944 3648; x_wconf 92' lang='lat' dir='ltr'>H.</span> <span class='ocrx_word' id='word_1_309' title='bbox 964 3584 1013 3649; x_wconf 92' lang='grc'>11.</span> <span class='ocrx_word' id='word_1_310' title='bbox 1038 3585 1101 3648; x_wconf 85' lang='grc'>257</span> <span class='ocrx_word' id='word_1_311' title='bbox 1125 3586 1197 3666; x_wconf 90' lang='lat' dir='ltr'>post</span> <span class='ocrx_word' id='word_1_312' title='bbox 1219 3603 1289 3648; x_wconf 88' lang='lat' dir='ltr'>cae·</span> 
     </span>
     <span class='ocr_line' id='line_1_33' title="bbox 117 3685 1285 3778; baseline 0.003 -26"><span class='ocrx_word' id='word_1_313' title='bbox 117 3708 222 3753; x_wconf 90' lang='lat' dir='ltr'>suram</span> <span class='ocrx_word' id='word_1_314' title='bbox 245 3688 447 3765; x_wconf 81' lang='lat' dir='ltr'>trochaicam,</span> <span class='ocrx_word' id='word_1_315' title='bbox 475 3690 575 3753; x_wconf 87' lang='lat' dir='ltr'>tribus</span> <span class='ocrx_word' id='word_1_316' title='bbox 604 3690 672 3753; x_wconf 88' lang='lat' dir='ltr'>aliis</span> <span class='ocrx_word' id='word_1_317' title='bbox 696 3690 800 3771; x_wconf 89' lang='lat' dir='ltr'>posuit</span> <span class='ocrx_word' id='word_1_318' title='bbox 823 3685 874 3751; x_wconf 80' lang='grc' dir='ltr'>ἰδέ</span> <span class='ocrx_word' id='word_1_319' title='bbox 896 3691 957 3753; x_wconf 86' lang='lat' dir='ltr'>alia</span> <span class='ocrx_word' id='word_1_320' title='bbox 979 3691 1013 3753; x_wconf 93' lang='lat' dir='ltr'>in</span> <span class='ocrx_word' id='word_1_321' title='bbox 1037 3692 1110 3756; x_wconf 92' lang='lat' dir='ltr'>sede</span> <span class='ocrx_word' id='word_1_322' title='bbox 1134 3691 1182 3778; x_wconf 89' lang='lat' dir='ltr'>(A.</span> <span class='ocrx_word' id='word_1_323' title='bbox 1213 3691 1285 3756; x_wconf 90' lang='grc'>141.</span> 
     </span>
     <span class='ocr_line' id='line_1_34' title="bbox 116 3796 1288 3882; baseline 0.002 -23"><span class='ocrx_word' id='word_1_324' title='bbox 116 3796 156 3860; x_wconf 92' lang='grc' dir='ltr'>Η.</span> <span class='ocrx_word' id='word_1_325' title='bbox 183 3796 254 3872; x_wconf 86' lang='grc'>115,</span> <span class='ocrx_word' id='word_1_326' title='bbox 277 3796 312 3859; x_wconf 93' lang='lat' dir='ltr'>P.</span> <span class='ocrx_word' id='word_1_327' title='bbox 337 3796 403 3877; x_wconf 83' lang='grc'>65.)</span> <span class='ocrx_word' id='word_1_328' title='bbox 435 3797 517 3859; x_wconf 91' lang='lat' dir='ltr'>Huic</span> <span class='ocrx_word' id='word_1_329' title='bbox 544 3800 705 3877; x_wconf 90' lang='lat' dir='ltr'>tamquam</span> <span class='ocrx_word' id='word_1_330' title='bbox 734 3797 844 3860; x_wconf 88' lang='lat' dir='ltr'>canoni</span> <span class='ocrx_word' id='word_1_331' title='bbox 872 3797 966 3861; x_wconf 86' lang='lat' dir='ltr'>etiam</span> <span class='ocrx_word' id='word_1_332' title='bbox 990 3799 1159 3881; x_wconf 86' lang='lat' dir='ltr'>Dionysius</span> <span class='ocrx_word' id='word_1_333' title='bbox 1182 3800 1288 3882; x_wconf 85' lang='lat' dir='ltr'>paruit</span> 
     </span>
     <span class='ocr_line' id='line_1_35' title="bbox 116 3896 1283 3992; baseline -0.001 -25"><span class='ocrx_word' id='word_1_334' title='bbox 116 3923 145 3966; x_wconf 91' lang='lat' dir='ltr'>u.</span> <span class='ocrx_word' id='word_1_335' title='bbox 169 3904 233 3967; x_wconf 89' lang='grc'>724</span> <span class='ocrx_word' id='word_1_336' title='bbox 255 3898 334 3987; x_wconf 82' lang='grc' dir='ltr'><em>φύει</em></span> <span class='ocrx_word' id='word_1_337' title='bbox 354 3900 388 3964; x_wconf 80' lang='grc' dir='ltr'>δὲ</span> <span class='ocrx_word' id='word_1_338' title='bbox 408 3897 610 3987; x_wconf 82' lang='grc' dir='ltr'><strong><em>κρύσταλλον</em></strong></span> <span class='ocrx_word' id='word_1_339' title='bbox 630 3900 642 3989; x_wconf 66' lang='grc' dir='ltr'>Η</span> <span class='ocrx_word' id='word_1_340' title='bbox 666 3896 708 3966; x_wconf 81' lang='grc' dir='ltr'>ἰδ’</span> <span class='ocrx_word' id='word_1_341' title='bbox 728 3924 757 3967; x_wconf 90' lang='lat' dir='ltr'>u.</span> <span class='ocrx_word' id='word_1_342' title='bbox 781 3904 866 3969; x_wconf 88' lang='grc'><strong>1100</strong></span> <span class='ocrx_word' id='word_1_343' title='bbox 890 3900 1019 3988; x_wconf 74' lang='grc' dir='ltr'>ψάμμῳ</span> <span class='ocrx_word' id='word_1_344' title='bbox 1036 3904 1257 3991; x_wconf 73' lang='grc' dir='ltr'><strong><em>πεπληθνῐαν</em></strong></span> <span class='ocrx_word' id='word_1_345' title='bbox 1271 3902 1283 3992; x_wconf 66' lang='grc' dir='ltr'>Η</span> 
     </span>
    </p>
   </div>
   <div class='ocr_carea' id='block_1_5' title="bbox 115 4058 1285 4308">
    <p class='ocr_par' dir='ltr' id='par_1_5' title="bbox 115 4058 1285 4308">
     <span class='ocr_line' id='line_1_36' title="bbox 205 4058 1284 4130; baseline 0.004 -18"><span class='ocrx_word' id='word_1_346' title='bbox 205 4060 240 4127; x_wconf 78' lang='lat'>¹⁴)</span> <span class='ocrx_word' id='word_1_347' title='bbox 259 4060 299 4112; x_wconf 90' lang='lat' dir='ltr'>Dc</span> <span class='ocrx_word' id='word_1_348' title='bbox 311 4058 388 4112; x_wconf 89' lang='lat' dir='ltr'>huius</span> <span class='ocrx_word' id='word_1_349' title='bbox 400 4061 540 4129; x_wconf 86' lang='lat' dir='ltr'>positionis</span> <span class='ocrx_word' id='word_1_350' title='bbox 557 4061 666 4115; x_wconf 87' lang='lat' dir='ltr'>licentia</span> <span class='ocrx_word' id='word_1_351' title='bbox 683 4066 744 4130; x_wconf 90' lang='lat' dir='ltr'>post</span> <span class='ocrx_word' id='word_1_352' title='bbox 756 4060 787 4117; x_wconf 83' lang='lat' dir='ltr'>G.</span> <span class='ocrx_word' id='word_1_353' title='bbox 800 4061 982 4115; x_wconf 80' lang='lat' dir='ltr'>Hermannum</span> <span class='ocrx_word' id='word_1_354' title='bbox 1000 4063 1017 4115; x_wconf 93' lang='lat' dir='ltr'>l.</span> <span class='ocrx_word' id='word_1_355' title='bbox 1033 4079 1054 4116; x_wconf 91' lang='lat' dir='ltr'>c.</span> <span class='ocrx_word' id='word_1_356' title='bbox 1075 4065 1103 4115; x_wconf 87' lang='lat' dir='ltr'>st</span> <span class='ocrx_word' id='word_1_357' title='bbox 1121 4062 1153 4114; x_wconf 93' lang='lat' dir='ltr'>in</span> <span class='ocrx_word' id='word_1_358' title='bbox 1165 4062 1284 4117; x_wconf 89' lang='lat' dir='ltr'>Addcnd.</span> 
     </span>
     <span class='ocr_line' id='line_1_37' title="bbox 116 4149 1285 4220; baseline 0.002 -18"><span class='ocrx_word' id='word_1_359' title='bbox 116 4165 138 4218; x_wconf 92' lang='lat' dir='ltr'>p.</span> <span class='ocrx_word' id='word_1_360' title='bbox 160 4149 249 4202; x_wconf 89' lang='lat' dir='ltr'>XXIX</span> <span class='ocrx_word' id='word_1_361' title='bbox 272 4150 394 4218; x_wconf 84' lang='lat' dir='ltr'>exempla·</span> <span class='ocrx_word' id='word_1_362' title='bbox 416 4149 554 4218; x_wconf 86' lang='lat' dir='ltr'>collegisse</span> <span class='ocrx_word' id='word_1_363' title='bbox 578 4149 654 4203; x_wconf 86' lang='lat' dir='ltr'>uideo</span> <span class='ocrx_word' id='word_1_364' title='bbox 677 4150 808 4204; x_wconf 88' lang='lat' dir='ltr'>Warnick.</span> <span class='ocrx_word' id='word_1_365' title='bbox 833 4151 867 4204; x_wconf 90' lang='lat' dir='ltr'>ad</span> <span class='ocrx_word' id='word_1_366' title='bbox 895 4150 1029 4220; x_wconf 87' lang='lat' dir='ltr'>Tryphiod</span> <span class='ocrx_word' id='word_1_367' title='bbox 1053 4168 1113 4220; x_wconf 89' lang='lat' dir='ltr'>pag.</span> <span class='ocrx_word' id='word_1_368' title='bbox 1138 4150 1204 4217; x_wconf 88' lang='grc'>473,</span> <span class='ocrx_word' id='word_1_369' title='bbox 1229 4151 1285 4204; x_wconf 88' lang='lat' dir='ltr'>Ric.</span> 
     </span>
     <span class='ocr_line' id='line_1_38' title="bbox 115 4237 730 4308; baseline 0.005 -18"><span class='ocrx_word' id='word_1_370' title='bbox 115 4237 309 4291; x_wconf 88' lang='lat' dir='ltr'>Volkmannum</span> <span class='ocrx_word' id='word_1_371' title='bbox 327 4238 355 4291; x_wconf 90' lang='lat' dir='ltr'>in</span> <span class='ocrx_word' id='word_1_372' title='bbox 373 4237 518 4292; x_wconf 86' lang='lat' dir='ltr'>Commont.</span> <span class='ocrx_word' id='word_1_373' title='bbox 536 4239 609 4308; x_wconf 82' lang='lat' dir='ltr'>Epic.</span> <span class='ocrx_word' id='word_1_374' title='bbox 628 4255 687 4308; x_wconf 84' lang='lat' dir='ltr'>pag.</span> <span class='ocrx_word' id='word_1_375' title='bbox 707 4241 730 4294; x_wconf 88' lang='lat'>9.</span> 
     </span>
    </p>
   </div>
   <div class='ocr_carea' id='block_1_6' title="bbox 0 0 1414 4716">
    <p class='ocr_par' dir='ltr' id='par_1_6' title="bbox 0 0 1414 4716">
     <span class='ocr_line' id='line_1_39' title="bbox 0 0 1414 4716; baseline 0 0"><span class='ocrx_word' id='word_1_376' title='bbox 0 0 1414 4716; x_wconf 95' lang='lat' dir='ltr'> </span> 
     </span>
    </p>
   </div>
  </div>
 </body>
</html>
