2820 4716
213 1081 293 1183 Non
310 1120 426 1195 dubito,
451 1121 527 1201 quin
542 1121 715 1184 exstiterint
738 1140 801 1185 non
823 1122 922 1204 pauci.
945 1123 999 1203 qui
1022 1123 1174 1187 mirentur
1197 1125 1287 1204 quod,

120 1246 193 1289 cum
216 1227 298 1291 inter
321 1246 446 1308 graecos
469 1230 575 1310 poetas
598 1229 743 1311 permulti
771 1228 834 1292 sint
865 1233 946 1292 certe
970 1229 1126 1309 digniores
1150 1232 1189 1294 ad
1213 1250 1288 1311 quos

120 1353 229 1416 operae
264 1334 378 1415 aliquid
411 1335 603 1410 conferatur,
636 1335 824 1417 Dionysium
854 1335 1049 1416 Periegetam
1082 1337 1194 1418 eligere
1227 1357 1289 1402 non

120 1444 267 1520 grauatus
299 1441 367 1503 sim.
412 1441 483 1504 Non
515 1442 598 1504 enim
630 1443 754 1518 desunt,
786 1442 840 1522 qui
867 1443 1042 1524 opinentur,
1071 1445 1230 1508 Romanae
1258 1448 1304 1508 et‘

75 1566 78 1572 ’
118 1547 294 1628 posterioris
323 1548 446 1623 1111111,
479 1549 592 1631 quippe
620 1549 768 1614 siccitatis
796 1550 1029 1629 ieiunitatisque
1057 1551 1190 1632 uestigia
1215 1570 1288 1633 prae

120 1654 317 1730 1111111111,
346 1655 465 1736 epicam
492 1655 600 1737 poesin
629 1657 667 1718 ad
695 1675 794 1736 nugas
822 1657 1040 1720 tautummodo
1070 1657 1288 1738 degeneratam

118 1761 211 1842 plane
240 1780 306 1824 esse
334 1762 558 1842 neglegendam
588 1763 715 1842 eiusque
742 1763 889 1843 reliquias
917 1764 1072 1845 perlegere
1100 1764 1152 1827 uix
1180 1783 1288 1847 operae

118 1867 263 1949 pretium.
302 1869 470 1950 Perperam
485 1888 555 1932 vero
575 1872 610 1931 ut
628 1888 697 1932 mea
715 1869 774 1932 fert
789 1871 941 1934 sententia
957 1870 1097 1933 iudicant
1112 1871 1167 1947 illi,
1187 1891 1288 1952 neque

119 1975 203 2037 enim
216 1975 440 2057 philologorum
457 1995 526 2039 esse
542 1994 727 2057 persuasum
743 1977 842 2039 habeo
855 1982 1052 2041 contemnere
1064 1978 1142 2041 haec
1155 1979 1289 2043 serotina

120 2082 248 2161 quidem
276 2082 365 2162 quasi
394 2083 519 2163 flagella
546 2082 577 2144 in
602 2085 738 2146 extrema
766 2082 953 2147 Graecorum
980 2085 1080 2167 poesis
1109 2086 1193 2148 calce
1220 2105 1289 2167 pro·

119 2188 288 2265 uenientia,
314 2192 347 2251 11
368 2208 441 2252 uero
465 2190 503 2252 ab
528 2189 616 2253 initio
639 2209 746 2253 omnes
770 2191 934 2272 scriptores
958 2195 1099 2254 ueterum
1123 2194 1288 2273 perlegere,

119 2295 228 2358 eodem
256 2295 359 2359 studio
383 2296 554 2359 Homerum
582 2298 768 2379 pertractare
797 2300 961 2379 11111111
987 2299 1040 2378 qni
1064 2298 1287 2363 Alexandrinos

119 2406 291 2482 sequantur
313 2422 412 2483 usque
441 2403 479 2465 ad
503 2403 654 2466 Nonnum
676 2404 947 2486 Panopolitanum,
977 2407 1174 2486 ingeniosum
1196 2407 1288 2469 illum

118 2510 283 2573 uerborum
300 2511 502 2587 inuentorem,
527 2510 601 2573 artis
621 2511 766 2574 metricae
789 2514 970 2575 nouatorem
993 2531 1056 2576 non
1078 2513 1286 2594 inelegantem

119 2616 245 2696 eiusque
270 2619 443 2692 sectatores,
468 2636 540 2679 cum
564 2618 629 2680 sine
648 2617 740 2682 dnbio
762 2637 778 2681 e
797 2619 927 2699 singidis
947 2622 1117 2683 memoratu
1137 2620 1233 2700 digna
1256 2623 1287 2684 et

119 2724 158 2786 ad
181 2724 365 2806 philologiae
386 2724 502 2804 grande
526 2723 704 2787 aedificium
728 2726 949 2788 exstruendum
972 2726 1056 2789 hand
1076 2727 1199 2790 inutilia
1218 2747 1287 2810 pos-

119 2831 181 2894 sint
200 2832 361 2894 exhauriri.
396 2829 592 2910 Quamquam
609 2830 732 2910 quidem
751 2831 889 2894 nonnulli
912 2832 971 2895 uiri
991 2833 1073 2896 docti
1088 2834 1162 2896 huic
1181 2834 1286 2915 epicae

117 2939 218 3020 111111
241 2939 421 3019 prouinciae
445 2938 579 3000 salutem
603 2937 665 3000 iam
688 2941 886 3020 parauerunt,
911 2939 1021 3002 studiis
1045 2940 1286 3004 accuratissimis

118 3045 234 3107 multas
256 3049 360 3127 partes
384 3046 529 3110 obscuras
553 3047 748 3128 aperuerunt,
771 3046 854 3109 locos
874 3065 969 3128 praue
993 3047 1122 3110 traditos
1143 3048 1286 3111 emenda

118 3154 233 3214 uerunt
253 3153 369 3232 ingenii
390 3153 541 3229 acumine,
561 3172 720 3235 superesse
738 3155 845 3216 tamen
863 3153 896 3215 in
915 3153 963 3217 his
979 3155 1077 3236 poetis
1097 3172 1160 3217 non
1175 3173 1284 3236 pauca,

118 3277 198 3338 quae
214 3259 434 3343 perquirantur
450 3260 642 3340 dignissima,
667 3278 758 3323 nemo
774 3260 828 3340 qni
844 3262 1020 3325 accuratius
1036 3261 1285 3339 considerauerit‚

117 3365 253 3445 negabit.

206 3472 392 3554 Dionysium
411 3471 604 3553 Periegetam
623 3473 783 3554 elegimus,
805 3493 899 3554 quem
917 3493 1014 3538 unum
1034 3495 1069 3538 ex
1088 3475 1135 3551 iis,
1156 3477 1209 3555 qui
1228 3478 1284 3539 toti

118 3580 183 3643 orbi
206 3582 360 3643 terrarum
383 3579 518 3642 carmine
543 3581 727 3643 illustrando
751 3599 875 3663 operam
898 3582 1299 3662 nauauenmt,integ1um.

116 3687 268 3750 traditum
284 3705 350 3750 esse
368 3687 528 3750 laetamur.
569 3686 665 3752 Cuius
685 3688 722 3750 de
738 3688 877 3751 fontibus
898 3687 1119 3770 geographicis,
1140 3689 1284 3768 equibus

117 3796 270 3856 terrarum
298 3796 330 3856 et
357 3793 540 3875 populorum
568 3794 775 3875 cognitionem
805 3795 944 3859 hauserit
974 3795 1157 3878 perbonam,
1190 3814 1285 3876 quam

117 3900 223 3983 paucis
246 3901 370 3963 tantum
394 3918 412 3962 a
433 3900 565 3964 ueritate
589 3901 749 3965 deflectere
773 3905 804 3966 11
827 3902 1053 3985 comparatione
1077 3902 1208 3964 aliorum
1231 3921 1285 3966 11-

117 4010 218 4070 terum
242 4006 487 4088 geographorum
515 4009 546 4070 et
573 4008 712 4072 uirorum
737 4009 983 4072 doctissimorum
1004 4009 1103 4072 nostri
1132 4008 1284 4092 imprimis

117 4114 233 4176 saeculi
260 4114 424 4177 itinerariis
452 4114 543 4177 hodie
566 4116 786 4197 perspicimus,
815 4119 885 4197 post
906 4116 1144 4198 Bemhardpum
1171 4117 1203 4179 in
1231 4115 1284 4179 ad-

117 4220 329 4296 notationibus„
352 4220 483 4304 copiosis
512 4220 709 4285 landabiliter
736 4221 884 4303 disseruit
907 4222 1049 4285 Altredns
1074 4221 1192 4286 Goethe
1216 4224 1282 4295 ,De

1111 4328 1123 4380 l
