2820 4716
610 205 805 265 -5-

122 379 228 461 Atque
242 383 318 444 haec
332 381 457 461 quidem
471 381 623 445 hactenus
642 382 679 445 de
699 382 829 445 obscura
846 399 882 444 ae
895 381 1053 444 recondita
1071 381 1164 443 huius
1183 382 1291 462 poetae

121 507 253 570 persona
284 490 316 551 et
347 488 384 551 de
416 488 604 577 carminibus
641 489 679 551 ad
716 507 788 551 eum
823 489 943 551 relatis!
996 489 1070 552 Jam
1100 506 1173 550 uero
1204 487 1292 551 nobis

122 595 314 677 sumpsimus
334 595 478 676 Dionysii
503 598 601 659 artem
624 595 785 659 metricam
809 598 841 670 et
860 595 1026 660 dictionem
1045 614 1128 657 nunc
1147 596 1291 658 accurate

121 702 384 782 pertractandam
409 701 688 766 Alexandrinorum
712 705 816 766 autem
841 702 1030 783 optimorum
1054 700 1237 765 Callimachi
1261 703 1293 763 et

120 808 277 889 Apollonii
300 808 414 871 Rhodii
442 809 583 890 uestigiis
608 828 711 891 presse
741 828 813 873 eum
836 808 986 872 institisse
1010 826 1201 889 quamquam
1223 799 1291 870 uni·

120 934 210 978 nerse
239 915 302 978 iam
331 915 532 978 obseruatum
561 919 608 980 est
635 919 667 980 et
693 917 726 978 in
749 915 979 979 commentariis
1007 916 1152 994 notisque
1174 915 1292 996 passim

121 1022 160 1084 ab
185 1022 404 1104 interpretibus
427 1023 585 1085 nonnullis
609 1023 725 1105 similes
748 1023 830 1086 locos
849 1041 867 1085 a
886 1022 921 1087 C.
940 1022 1142 1103 Bernhardyc
1162 1021 1201 1084 ad
1218 1021 1293 1084 Dio-

120 1128 256 1210 nysium,
276 1148 294 1191 a
312 1128 489 1192 Wellauero
509 1129 547 1192 ad
564 1131 770 1212 Apollonium,
790 1131 907 1211 epatre
920 1148 989 1192 meo
1002 1126 1049 1191 'ad
1065 1128 1291 1193 Callimachum

121 1235 294 1318 adscriptos
317 1236 449 1311 inuenio,
473 1237 613 1299 nondum
630 1238 737 1301 tamen
759 1237 833 1300 satis
854 1254 943 1299 curae
968 1235 1049 1298 uiros
1068 1235 1172 1298 doctos
1196 1235 1290 1298 collo-

121 1361 209 1406 casse
240 1342 330 1405 uideo
361 1343 555 1422 exquirendis
586 1343 718 1424 singulis
749 1345 784 1406 in
811 1344 916 1417 rebus,
946 1344 1100 1422 quatenus
1123 1341 1291 1423 Dionysius

121 1449 260 1512 imitator
287 1449 381 1512 fuerit
407 1451 518 1512 horum
532 1451 825 1514 Alexandrinorum.
872 1448 992 1513 Utilem
1020 1451 1125 1512 autem
1149 1467 1215 1512 esse
1239 1450 1292 1512 ob

122 1557 326 1619 servationem
364 1559 395 1619 et
425 1557 627 1620 metricorum
658 1559 778 1638 legum,
817 1576 894 1637 quas
932 1575 968 1618 ex
1000 1554 1170 1636 antiquiore
1199 1559 1292 1637 poeta

120 1663 273 1726 recentior
303 1667 411 1728 auctor
442 1664 616 1728 seruauerit
646 1667 677 1727 et
703 1665 854 1740 locorum,
886 1681 963 1743 quos
988 1662 1025 1724 ab
1049 1663 1102 1725 illo
1126 1663 1292 1744 sumpserit

121 1769 272 1833 imitando
297 1771 560 1853 comparationem
588 1789 679 1834 nemo
706 1771 841 1851 negabit.
887 1768 917 1834 U
953 1770 1107 1832 Homerus
1135 1788 1291 1833 summam

120 1876 221 1939 omnis
250 1878 360 1940 aetatis
394 1878 629 1941 admirationem
657 1877 805 1941 excitauit
832 1879 863 1940 et
891 1879 945 1941 aut
973 1876 1099 1940 consilio
1129 1877 1183 1938 aut
1210 1894 1291 1956 uaga

121 1983 331 2047 recordatione
351 2003 370 2047 a
387 1982 485 2066 poetis
509 1985 622 2048 iterum
646 1987 738 2065 atque
757 1985 869 2048 iterum
893 1983 932 2046 ad
956 1983 1144 2045 imitandum
1169 1983 1216 2045 est
1239 1983 1291 2046 de-

120 2090 221 2153 lectus
239 2091 283 2153 ita
300 2082 381 2154 inter
397 2093 518 2173 poetas.
538 2093 591 2172 qui
608 2092 729 2175 proprie
748 2091 893 2153 dicuntur
911 2089 1121 2165 Alexandrini,
1139 2089 1290 2171 imprimis

122 2196 332 2261 Callimachus
361 2202 393 2262 et
415 2198 599 2278 Apollonius
622 2196 795 2279 111οῶ1189)
822 2215 972 2280 perennes
1000 2199 1160 2276 tamquam
1190 2196 1291 2259 fontes

121 2309 223 2380 erant,
252 2324 384 2385 quorum
412 2325 427 2369 e
452 2306 569 2387 liquore
598 2325 659 2368 non
688 2323 808 2386 semper
829 2324 907 2386 puro
935 2321 971 2367 ae
998 2303 1157 2386 perlucido
1181 2305 1290 2384 poetae

122 2414 153 2474 et
178 2409 288 2475 Graeci
312 2416 343 2475 et
357 2413 489 2495 Romani
512 2413 643 2475 libenter
664 2411 859 2476 hauriebant.
896 2411 958 2490 Qui
980 2430 1041 2474 non
1065 2410 1167 2473 solum
1190 2410 1223 2472 in
1245 2410 1290 2473 fa-

121 2517 203 2580 bulis
220 2519 398 2583 enarrandis
415 2520 519 2583 doctos
533 2518 755 2594 Alexandrinos
770 2521 844 2581 sunt
861 2516 966 2594 secuti,
985 2517 1038 2580 sed
1055 2518 1148 2580 etiam
1166 2517 1289 2580 illorum

121 2625 311 2688 uberrimam
342 2646 402 2689 non
432 2645 502 2689 raro
523 2646 566 2702 er
593 2625 716 2706 ingenio
743 2624 944 2688 formatorum
974 2626 1140 2688 uerborum
1168 2624 1289 2707 copiam

120 2731 181 2794 sibi
204 2732 445 2796 uindicauerunt
466 2726 566 2813 neque
591 2751 609 2795 a
630 2733 751 2813 legibus
774 2731 911 2795 metricis
935 2733 973 2794 ab
997 2731 1034 2794 iis
1057 2731 1234 2795 constitutis
1258 2735 1289 2794 et

119 2839 210 2919 quasi
234 2841 349 2902 sanctis
373 2839 641 2920 discesseruntll).
687 2839 806 2901 Horum
829 2838 862 2901 in
884 2857 1050 2902 numerum
1073 2857 1135 2902 non
1156 2857 1288 2920 paruum

118 3104 358 3170 Argonautieorum
369 3105 496 3172 Dionysio
509 3104 587 3156 alicui
600 3104 729 3156 tributum
738 3104 759 3166 I,
773 3104 807 3154 54
817 3106 991 3172 »γέγραπται
1004 3106 1049 3152 καὶ
1058 3098 1229 3172 Ἄμφρυσσος
1242 3100 1287 3153 διὰ

119 3194 171 3243 τοῦ
182 3185 208 3259 ᾖ
218 3189 254 3246 ὡς
267 3189 440 3256 Διονύσιος“,
458 3193 521 3262 quin
538 3192 684 3246 abiudicem
697 3192 851 3259 Pericgetae
869 3209 920 3244 uon
935 3192 1043 3256 haesito,
1056 3192 1102 3244 sed
1116 3192 1238 3260 adquam
1251 3193 1287 3245 sit

117 3280 284 3334 referendum
302 3283 398 3334 nescio.

208 3373 231 3438 ⁰)
250 3371 289 3424 Do
313 3371 481 3435 „cantoribus
504 3369 694 3439 Euphorionis“
719 3371 808 3424 uideas
830 3369 942 3423 Meinek.
967 3370 996 3422 in
1018 3368 1094 3422 Anal.
1117 3368 1284 3424 Alexandrin.

118 3479 143 3529 p.
165 3462 200 3512 24
218 3477 287 3528 seq,
311 3461 419 3514 Lucian.
440 3460 557 3513 Mueller.
582 3460 610 3512 in
629 3460 708 3529 praef.
734 3460 767 3513 ad
785 3459 880 3513 Catull.
899 3476 976 3512 carm.
996 3476 1056 3528 pag.
1075 3459 1109 3511 75
1128 3475 1188 3527 seq,
1209 3458 1237 3513 C.
1256 3459 1286 3512 P.

117 3549 243 3602 Schulzo:
267 3550 299 3602 de
322 3549 424 3603 Catullo
452 3548 571 3603 Graecor.
589 3549 728 3602 imitatore
753 3549 815 3602 diss.
838 3550 928 3615 inaug.
954 3548 1020 3601 1871
1045 3548 1127 3601 Jenao
1151 3564 1175 3617 p.
1196 3549 1212 3600 2
1231 3565 1286 3618 seq.

117 3639 252 3705 vigebant
270 3631 359 3692 autem
379 3639 429 3701 illi,
449 3638 614 3701 „doctorum‘
635 3638 739 3691 nomine
765 3639 792 3691 in
811 3639 928 3691 omniurn
947 3638 1036 3690 oribus
1054 3636 1087 3690 ef.
1106 3636 1136 3691 Ο.
1156 3637 1285 3690 Ribbeck:

118 3727 146 3782 C.
168 3728 287 3780 Valerius
306 3727 433 3792 Catullus,
452 3744 511 3796 pag.
532 3727 565 3779 17
584 3744 638 3796 seq.

209 3817 243 3885 ¹⁰)
268 3817 339 3869 Satis
367 3820 456 3868 notum
486 3819 527 3868 est
550 3815 702 3868 Callimachi
730 3816 782 3868 iter
808 3817 925 3869 tenuisse
948 3818 1053 3885 praeter
1075 3814 1285 3883 Apollonium

117 3905 277 3959 Rhodium
292 3904 429 3973 (Gerhard.
444 3905 503 3957 lect.
517 3904 603 3974 Apoll.
616 3921 640 3973 p.
654 3905 678 3957 8.
690 3903 720 3958 Ο.
731 3905 882 3957 Schneider.
897 3904 999 3959 Callim.
1011 3905 1032 3966 Ι,
1045 3920 1070 3972 p.
1083 3904 1213 3972 13911‚p.
1226 3903 1284 3956 176.

116 3994 189 4057 459.)
213 3994 341 4063 imprimis
360 3995 507 4046 Nonnum
527 3994 818 4062 Panopolitanum‚
841 4011 924 4046 nouae
948 3992 1051 4046 scholae
1075 3993 1221 4062 prinoipem
1241 3991 1283 4059 (O.

116 4083 262 4136 Schneider
274 4084 302 4136 in
312 4083 494 4138 Callimaeheis
507 4083 603 4156 passim
613 4083 646 4136 cf.
660 4082 714 4135 ind.
728 4099 748 4135 s.
762 4100 787 4136 u.
799 4083 922 4150 Nonnus)
941 4082 1047 4150 eiusque
1060 4082 1175 4134 aemulos
1188 4080 1283 4134 acerri-

117 4189 173 4225 mos
192 4172 449 4241 Tryphiodorum
474 4171 516 4240 (0.
541 4172 618 4225 Schn.
643 4171 744 4226 Gallim.
769 4172 789 4236 Ι,
815 4190 841 4241 p.
864 4171 936 4239 311.)
961 4170 1212 4225 Christodorum
1237 4169 1282 4232 (id.

116 4261 180 4314 ibid.
203 4261 225 4325 l,
249 4277 273 4330 p.
293 4263 366 4332 201.)
390 4260 582 4317 Colluthum
605 4260 649 4330 (G.
669 4261 776 4314 Knaaolr
799 4261 943 4326 „Analecta
960 4259 1282 4313 Alexandrino-Romano“
