2820 4718
469 242 756 341 «ει-ι

55 430 195 513 pendens
218 429 267 492 his
292 429 414 493 duobus
436 431 559 493 tantum
582 430 657 494 loeis
676 433 784 496 exstat.
805 467 846 476 -—
865 428 1024 495 Usitatam
1041 423 1129 495 uerbi
1147 450 1229 516 erpo*

57 536 163 601 νεύειν
191 540 393 614 smutturam,
423 556 521 618 quam
548 537 717 619 Dionysius
744 556 774 600 u.
800 538 884 601 1149
912 540 1149 622 ,μιρονένευκεν
1176 529 1231 599 ἔπ’

56 637 202 707 Ὠκεανόν
228 645 370 719 retinuit,
400 661 462 707 non
490 645 630 708 seruauit
656 664 686 707 u.
711 644 775 707 214
803 644 983 725 genetiuum
1010 645 1081 709 aliis
1103 664 1231 729 prorsus

57 754 164 833 ignoto
188 771 248 816 usu
270 751 424 833 reeipiens
447 747 724 834 ,μιρονενευκότες
743 747 959 831 Αἰγύπτοιο“.
982 789 1021 797 -
1041 751 1123 816 Item
1142 771 1161 815 a
1179 771 1231 816 so·
1339 829 1342 832 Α

56 861 154 924 lemni
177 857 402 923 consuetudine
424 857 553 922 reoessit
575 877 648 921 oum
663 877 693 920 u.
710 859 774 922 503
792 849 858 942 ’Ίδη
874 895 917 903 -
933 853 1011 921 ύσδ
1029 857 1123 944 δρυσὶ
1138 857 1230 944 τηλε-

57 963 178 1029 θόωσα
206 967 237 1029 et
260 986 289 1030 u.
313 965 396 1028 1127
425 954 502 1026 ὗλαι
526 960 735 1049 τηλεθύωσιν
756 956 957 1050 Ἐρυδραίου
980 961 1153 1046 καλάμοιο
1176 984 1231 1048 pro

57 1075 172 1136 usitato
200 1072 306 1136 datiuo
335 1071 391 1154 (of.
419 1072 510 1135 Hom.
537 1072 622 1151 hym.
652 1071 693 1147 V,
724 1072 787 1134 412
817 1073 884 1137 ooll.
913 1068 1047 1152 δύλλω,
1075 1071 1230 1150 δαλέδω,

56 1179 187 1261 δαλέω)
211 1180 347 1262 seripsit3
370 1179 493 1261 propria
515 1179 592 1242 haee
610 1178 759 1260 Dionysio
778 1197 845 1242 esse
864 1178 1018 1255 uidentur,
1042 1198 1232 1260 quamquam

58 1288 186 1368 quidem
202 1287 331 1351 alterius
346 1288 517 1350 strnoturae
529 1286 691 1349 licentiam
703 1286 785 1349 tueri
797 1285 921 1348 uidetur
932 1287 1019 1354 loous
1031 1287 1083 1350 ille
1095 1282 1241 1369 Aesohp-¹

57 1395 128 1458 leus
145 1395 228 1457 Pers.
253 1393 327 1471 616,
351 1412 411 1474 quo
434 1388 555 1453 δύλλω
579 1410 653 1456 eum
677 1386 714 1453 ἐν
736 1392 961 1474 praepositione
984 1393 1127 1457 iunctum
1144 1394 1234 1458 inue-

56 1502 144 1564 nitur
160 1500 236 1585 ,,τῆς
249 1495 287 1561 ἔν
300 1496 459 1585 φύλλοισι
470 1496 663 1584 θαλλούσης
676 1492 747 1561 ἶσον
759 1493 871 1584 ἐλαίης
882 1521 910 1561 κ.
925 1522 954 1560 τ.
968 1498 1016 1561 λ.“
1031 1500 1136 1582 (Dind.
1151 1504 1232 1583 poet.

57 1607 200 1698 soaen.¹’).
218 1645 259 1654 —
276 1607 539 1673 commemoretur
553 1607 664 1670 deinde
680 1603 937 1691 εδ1εο111111δρις,
955 1607 1039 1688 qnod
1053 1599 1126 1671 oum
1140 1627 1234 1688 gene-

56 1717 125 1779 tiuo
149 1714 236 1798 (Hes
253 1718 331 1778 seut.
347 1715 408 1778 351
429 1712 501 1795 eto.)
524 1715 577 1777 uel
598 1714 777 1777 aoeusatiuo
801 1712 907 1796 (Soph.
925 1713 999 1780 Oed.
1018 1713 1050 1779 O.
1066 1715 1145 1797 525)
1163 1734 1234 1779 oon·
1269 1760 1271 1764 ι

56 1823 137 1887 strui
165 1825 273 1886 notum
302 1823 363 1896 est,
392 1820 573 1901 Periegetae
596 1820 762 1902 peculiaris
787 1823 943 1885 structura
965 1842 995 1886 u.
1021 1823 1083 1885 857
1109 1818 1234 1907 ,,ἰ’δριες

57 1926 97 1992 ἐν
116 1928 313 2010 πολέμοισι(
333 1947 411 2009 quae
431 1947 467 1991 ex
486 1915 642 2009 analogia
656 1929 690 1992 ni
709 1927 806 2004 fallor,
826 1925 961 2013 δαήμων
980 1929 1132 2006 uooabuli‚
1151 1929 1233 2010 quod

57 2037 168 2100 eadem
183 2036 409 2119 praepositione
426 2035 547 2099 duobus
562 2035 671 2099 Iliadis
686 2035 763 2099 loeis
780 2037 880 2099 exstat
893 2035 960 2113 XV,
975 2036 1038 2098 411
1057 2029 1109 2113 „tv
1124 2032 1232 2097 παλά-

56 2162 141 2227 μησι
160 2139 342 2227 δαήμονος*
365 2141 482 2219 XXIII,
504 2142 566 2206 671
590 2136 642 2219 „to
660 2139 807 2227 -ἔρμοισι
827 2138 993 2227 δαήμοναίλ
1016 2145 1083 2207 orta
1101 2162 1168 2208 esse
1187 2145 1234 2208 ui-

58 2251 157 2315 detur.
173 2287 210 2294 —
225 2249 312 2313 Inter
327 2249 442 2313 rariora
457 2249 591 2330 denique
606 2249 804 2314 referendum
821 2251 868 2313 est
882 2245 946 2311 ἔσω
962 2250 1146 2314 aduerbium
1160 2270 1234 2314 oum

58 2358 205 2440 genetiuo
228 2357 323 2421 uerbo
343 2356 518 2419 monendi
538 2357 739 2421 eoniunotum
757 2377 786 2420 u.
803 2357 845 2419 46
866 2352 1045 2442 συρόμενος
1061 2353 1234 2442 Λιβύηθεν

57 2461 125 2527 ἔσω
143 2460 361 2549 Παμφυλίδος
377 2459 453 2547 αἴης
470 2466 502 2527 et
517 2483 546 2528 ο.
563 2464 625 2527 103
643 2457 775 2525 ἕλκεται
792 2455 893 2544 οἶδμα
908 2459 1078 2548 κορύσσων
1091 2459 1095 2549 l
1109 2457 1234 2538 πόντος

57 2568 125 2633 ἔσω
153 2565 289 2655 Λιβύης.
338 2569 432 2636 cuius
461 2572 634 2635 strnoturae
662 2570 790 2635 Homeri
821 2571 881 2636 duo
908 2572 1032 2634 tantum
1059 2572 1134 2635 nota
1160 2575 1234 2635 sunt

57 2679 199 2760 exempla
227 2714 268 2724 —
292 2676 405 2741 inille
433 2680 539 2742 autem
555 2669 663 2752 Ἄιδος
690 2673 770 2740 εἴσω
799 2677 1008 2762 supplendum
1036 2696 1103 2742 esse
1131 2673 1234 2757 δόμον

56 2785 141 2849 inter
167 2802 274 2848 ornnes
302 2785 423 2847 oonstat
447 2820 488 2829 —-
517 2784 574 2850 Od.
595 2785 664 2861 VII,
690 2785 752 2847 135
776 2778 863 2868 ύιτὲρ
887 2776 984 2847 ούδδν
1008 2779 1147 2868 ἐβήσετο
1171 2781 1231 2847 δώ-

56 2912 164 2972 ματος
187 2888 267 2954 εἲσω
285 2889 369 2967 VIII,
393 2891 458 2954 290
482 2887 563 2953 ε’ίσω
584 2887 737 2972 δώματος
757 2883 837 2976 ᾔειν.
861 2892 971 2972 (Lehrs
989 2891 1051 2969 „do¹
1061 2891 1232 2956 Aristarchi

57 2998 141 3062 stud.
164 3000 275 3062 Hom.“
299 3017 327 3080 p.
346 2997 439 3079 137²)
463 2997 501 3062 of.
517 2999 661 3081 Aesohyl.
683 2996 767 3080 Sept.
793 3001 856 3064 656
873 2997 1041 3079 ,μλῶσσαν
1058 2994 1062 3085 Ι
1081 2994 1145 3061 ἔσω
1169 3018 1231 3060 τιυ-

57 3104 126 3167 λών
148 3102 303 3190 ῥέουσαν*
326 3104 427 3188 Apoll.
450 3105 510 3168 Rh.
528 3105 585 3181 ΙΠ,
611 3105 673 3168 311
700 3100 871 3185 ,,ἔκύμιζεν
888 3101 892 3190 l
912 3106 1034 3191 Κίρκην
1056 3099 1233 3191 Ἑστιερίης

57 3208 140 3274 εέσω
156 3208 308 3288 χθονός.“
336 3212 466 3276 Nioand.
482 3212 537 3275 Th.
555 3211 619 3274 208
636 3207 719 3288 ,,ἔσω
737 3221 906 3290 ποταμοῖο
930 3209 1093 3274 κύλισεν.“·
1109 3212 1231 3278 Heliod.

56 3318 142 3401 apud
159 3318 250 3383 stro.
272 3319 351 3382 Elor.
375 3319 408 3397 C,
433 3323 461 3397 6,
484 3321 553 3385 119
577 3319 722 3402 (Meinek.
745 3321 824 3382 Ana
847 3321 933 3383 Alex.
956 3339 986 3401 p.
1004 3317 1082 3403 382)
1106 3339 1230 3404 ,μιαρα-

57 3422 167 3510 δρύμη
192 3421 303 3510 ἔρκεος
323 3422 431 3488 ε’ίσω“.
453 3427 557 3490 Nonn.
571 3427 641 3492 Par.
658 3447 688 3504 α,
707 3426 768 3490 148
785 3421 912 3503 ,ἔκανεν
928 3421 992 3487 ἔσω
1008 3423 1232 3507 δεοδέμμονος
1335 3443 1339 3450 ’

57 3524 172 3616 αύλης.
197 3553 225 3609 ο,
250 3532 292 3595 24
315 3534 372 3594 καί
393 3554 515 3613 μιν-
540 3529 605 3596 ἔσω
627 3528 790 3613 βάλλουσι
812 3535 969 3614 καμίνουλλ
992 3551 1021 3611 σ,
1044 3534 1084 3596 73
1108 3521 1232 3617 ,ἦλθεν

57 3636 125 3701 ἔσω
152 3637 376 3720 δεοδέγμονος
403 3631 523 3724 αύλῆς“
552 3640 592 3704 77
624 3631 745 3723 ,,η’γαγε
770 3642 895 3725 Πέτρον
917 3635 983 3702 ἔσω
1007 3636 1232 3717 πολυχανδέος

57 3737 190 3830 αύλῆς“,
214 3769 242 3822 υ,
265 3747 327 3810 119
352 3742 517 3830 ,,Χριστδς
539 3742 607 3810 ἔσω
628 3743 787 3831 μεγάροιο
811 3742 942 3831 δορών“
965 3748 997 3811 et
1018 3746 1102 3810 looos
1122 3744 1231 3825 Quinti

12 3857 17 3861 ’
58 3852 134 3928 8ου,
159 3872 235 3934 quos
253 3852 361 3916 laudat
376 3854 527 3934 Koeohly.
545 3854 584 3917 ad
600 3853 690 3929 XIII,
709 3854 782 3917 273.
800 3890 839 3898 -
857 3853 882 3915 E
901 3853 1093 3918 modorum
1112 3853 1230 3917 ratione

57 3962 151 4040 atque
178 3978 237 4024 usu
267 3960 558 4024 commemorandus
586 3963 633 4025 est
661 3961 817 4044 optatiuus
845 3962 915 4042 post
936 3979 1083 4042 praesens
1106 3962 1230 4042 tempus

56 4086 77 4131 a
95 4067 244 4150 Dionysio
267 4067 422 4132 admissus
445 4088 475 4130 u.
497 4067 581 4131 1128
605 4062 754 4154 φράζεο
775 4059 804 4129 δ’
818 4113 826 4128 .
841 4112 870 4128 ..
891 4059 936 4140 oie
957 4061 1130 4147 ποταμούς
1151 4060 1228 4127 ε’νέ-

56 4193 194 4253 ποιμι,
218 4193 312 4255 quem
335 4193 429 4239 usum
449 4175 531 4258 apud
549 4175 643 4239 huius
663 4175 773 4239 aetatis
789 4176 895 4257 poetas
911 4193 974 4238 non
989 4192 1095 4238 rarum
1109 4173 1232 4248 notauit

57 4282 95 4347 G.
115 4280 275 4346 Hermann
295 4282 355 4358 „de
374 4282 508 4347 dietione
525 4280 658 4364 Orphei‘
676 4302 706 4364 p.
723 4283 786 4345 812
811 4280 851 4344 of.
872 4279 1062 4345 antemos.
1081 4279 1120 4343 ad
1136 4280 1232 4342 Antii.

1065 4382 1090 4429 s
