2820 4716
593 198 811 259 „12-

116 374 226 456 putaui
250 376 429 456 septuagies
446 376 574 458 septies3
598 376 630 438 iu
650 377 749 457 prima
770 378 874 439 autem
890 376 983 438 huius
999 376 1087 456 pedis
1103 376 1292 457 diphthongi

117 482 323 562 correptiones
346 482 496 545 tredecim
517 483 687 563 9111919169).
722 484 839 557 Restat
860 486 897 545 ut
911 483 1062 546 addamus
1080 480 1291 564 correptiones

115 588 148 650 iu
172 589 307 651 secunda
331 590 459 652 secundi
481 589 568 670 pedis
589 591 676 652 breui
699 590 761 653 728
790 585 934 665 Σκύθαι,
959 591 1021 651 461
1041 584 1174 665 Αἰόλου,
1200 589 1292 669 quin-

118 695 205 775 quies
229 697 285 756 καί
308 698 339 759 et
361 697 395 759 111
419 697 520 779 9111119
543 696 681 759 eiusdem
705 716 736 759 u.
762 692 977 777 3651161902,
1002 697 1076 758 533.
1101 696 1167 758 566
1184 695 1290 778 νῆσοι,

116 802 181 864 516
209 804 274 862 καί.

205 908 402 991 Quantopere
439 910 570 973 nothum
608 928 701 989 quem
733 909 867 971 diximus
903 909 1025 972 hiatum
1057 912 1149 990 poeta
1184 911 1292 972 noster

118 1017 279 1090 amauerit
304 1018 465 1098 tantopere
495 1016 647 1079 abstinuit
677 1035 696 1078 9
718 1036 804 1079 9919
828 1017 950 1088 hiatm
980 1018 1102 1097 praeter
1124 1015 1291 1078 duodecim

118 1124 201 1185 enim
219 1124 368 1204 exempla,
389 1122 502 1203 quibus
524 1127 596 1186 ante
612 1117 627 1184 ἑ
645 1119 678 1184 οἱ
693 1119 771 1206 ἔργα
792 1123 921 1186 Homeri
940 1122 1092 1204 imprimis
1114 1123 1291 1204 exemplum

118 1232 246 1292 secutus
271 1230 391 1292 hiatum
412 1231 583 1316 Dionysius
611 1229 739 1291 admisit
758 1231 856 1292 tribus
875 1231 1000 1292 tautum
1019 1229 1095 1291 locis
1122 1229 1292 1305 inuenitur,

117 1337 279 1416 equibus,
303 1355 332 1400 u,
350 1338 414 1398 234
439 1330 791 1419 19999639999191919
817 1339 976 1415 19919919
1000 1329 1219 1418 ἐπειρήσαντο
1243 1355 1293 1399 re-

117 1444 241 1517 stituta,
272 1442 308 1507 G.
337 1443 537 1506 Hermannus
566 1462 664 1506 unum
694 1443 782 1506 affert
809 1463 838 1507 u.
863 1443 926 1506 917
955 1443 989 1504 in
1017 1441 1140 1524 Orphic.
1169 1462 1198 1524 p.
1225 1443 1289 1505 737

117 1548 167 1631 (cf.
192 1570 221 1631 p.
247 1550 338 1632 822),
362 1550 468 1613 omisit
491 1551 599 1614 autem
621 1570 651 1612 u.
676 1550 750 1613 872.
775 1546 891 1611 πεδίον
914 1544 952 1610 τὸ
974 1541 1109 1632 Ἀλήϊον,
1134 1567 1211 1636 quae
1235 1568 1293 1612 uo-

117 1658 230 1727 cabula
257 1676 293 1718 ex
320 1657 387 1738 ipso
410 1657 548 1719 Homero
572 1655 620 1736 (u.
643 1655 700 1730 VI,
725 1655 802 1737 291)
825 1659 951 1738 sumpta
979 1675 1046 1719 9999
1073 1655 1234 1730 uidentur,
1259 1658 1291 1719 et

118 1783 146 1828 u.
174 1763 235 1825 173
259 1759 300 1823 τοὶ
326 1759 448 1825 ἕκαστα
473 1764 505 1825 in
529 1763 629 1844 prima
651 1763 754 1842 quinti
776 1763 862 1844 pedis
886 1762 983 1826 breui.

207 1870 267 1933 Sed
290 1889 329 1933 ne
353 1869 429 1949 quid
456 1869 488 1931 in
517 1888 549 1932 re
578 1870 707 1932 metrica
730 1869 933 1944 desideretur,
960 1869 1012 1932 hic
1040 1868 1291 1950 spondeorum

117 1996 209 2040 usmn
233 1977 266 2038 in
285 1976 435 2058 periegesi
462 1977 600 2038 breuiter
623 1981 798 2056 tangamus,
822 1976 859 2039 de
876 1995 937 2057 quo
954 1977 1003 2039 uir
1019 1976 1227 2050 doctissimus,
1251 1976 1290 2039 de

116 2085 209 2147 rebus
240 2083 378 2146 metricis
409 2083 441 2144 in
474 2082 574 2164 poetis
606 2082 797 2146 Graecorum
828 2083 923 2164 epicis
954 2082 1071 2163 optime
1094 2082 1225 2144 meritus
1248 2081 1288 2144 Α.

116 2191 265 2253 Ludwieh
282 2190 345 2252 iam
360 2191 451 2271 plene
473 2193 504 2252 et
520 2192 664 2252 accurate
680 2190 744 2269 egit
763 2190 795 2251 in
811 2190 963 2253 Fleckeis.
984 2189 1095 2252 Annal.
1112 2177 1160 2251 911
1176 2187 1291 2269 (1874)

116 2318 145 2380 p.
170 2298 233 2360 237
263 2299 295 2359 96
321 2297 354 2358 111
379 2296 541 2373 „Beitraige
569 2316 593 2358 z.
622 2297 745 2360 Nonn.“
774 2317 803 2378 p.
827 2296 867 2358 47
898 2296 967 2358 adn.
992 2297 1033 2358 26
1063 2298 1095 2358 96
1116 2295 1234 2377 passim
1257 2295 1291 2357 in

116 2405 195 2468 libro
224 2404 260 2466 de
285 2403 485 2466 Hexametris
508 2405 671 2486 poetarum
698 2423 797 2484 graec.
822 2403 977 2484 spondiao.
1002 2402 1072 2467 Hal.
1101 2401 1195 2478 1866,
1218 2405 1292 2484 9996

118 2530 211 2591 quem
226 2510 305 2572 nihii
321 2512 375 2584 est,
400 2510 481 2590 quod
503 2510 681 2573 addendum
697 2511 748 2573 sit.
766 2549 805 2554 —
823 2511 942 2584 Restat,
959 2512 995 2572 ut
1010 2528 1290 2573 commemoremus

117 2636 210 2680 usum
237 2619 268 2678 96
295 2616 447 2680 rationem
476 2617 651 2698 simplicem
674 2617 1018 2698 monosyllaborum
1046 2616 1084 2678 in
1108 2616 1291 2679 61119991-

118 2742 221 2787 suum
244 2723 465 2804 positorum:
490 2725 640 2786 habemus
661 2743 691 2788 u.
713 2727 733 2788 9
752 2714 856 2807 Ἀοίην
871 2744 918 2798 τε,
940 2724 982 2785 32
998 2718 1140 2805 Κρόνιόν
1154 2744 1201 2799 τε,
1223 2722 1289 2785 464

119 2828 280 2909 trapam
296 2849 343 2905 τε,
366 2829 430 2891 469
443 2825 571 2914 Λιλύβη
588 2851 634 2906 τε,
656 2830 739 2894 1179
757 2825 926 2913 ἐφράσατο
943 2824 1027 2902 Ζεύς
1039 2830 1103 2892 583
1116 2823 1290 2905 ἐκκέχυται

119 2937 187 3020 ττῦρ
214 2937 275 3000 759
301 2931 475 2998 ἐκτέταται
498 2931 608 3012 χθών,
639 2937 701 3000 966
726 2927 865 3008 αὐαλέος
887 2932 976 3019 χρώς
1004 2938 1035 2999 96
1059 2937 1122 2999 933
1145 2930 1208 3017 γάρ
1231 2956 1290 3014 μιν

122 3044 183 3106 965
205 3034 269 3124 ι’ἱρα
285 3062 374 3128 σφιν,
397 3042 510 3123 quibus
529 3043 605 3105 19919
627 3043 722 3106 oratio
743 3043 782 3106 ad
803 3045 986 3122 sequentem
1007 3042 1206 3106 continuatur
1219 3061 1291 3104 uer-

119 3169 203 3222 sum;
228 3168 301 3213 oum
324 3149 456 3230 synizesi
479 3150 649 3229 legendum
672 3152 719 3213 est
742 3151 806 3212 368
830 3146 868 3210 δέ
890 3168 1010 3233 σφεων.

206 3256 299 3319 Nunc
328 3275 398 3319 uero
430 3257 587 3337 deinceps,
611 3259 647 3319 ut
675 3256 762 3319 uobis
784 3257 1015 3339 proposuimus
1045 3257 1077 3318 in
1105 3255 1164 3317 hoo
1187 3255 1289 3337 999169

119 3364 289 3426 disseratur
319 3363 355 3426 de
388 3381 534 3425 mensura
565 3363 782 3425 nonnullorum
813 3363 1048 3435 uocabulorum3
1085 3380 1121 3425 99
1150 3361 1289 3444 9111119111

119 3471 244 3551 quidem
267 3470 394 3531 nomina
421 3470 556 3550 propria,
581 3469 692 3532 deinde
715 3470 920 3546 substantiua,
945 3469 1107 3544 adiectiua
1132 3469 1292 3551 aduerbia,

119 3577 214 3640 uerba
236 3576 477 3656 perlustremus,
506 3577 551 3639 169
577 3580 613 3639 ut
636 3579 784 3657 appareat
812 3579 842 3639 et
870 3578 983 3656 quibus
1006 3576 1169 3639 uocabulis
1193 3575 1288 3638 aliam

119 3702 154 3746 9ο
163 3687 284 3746 ueteres
292 3683 436 3746 tribuerit
444 3683 615 3762 Dionysius
626 3702 803 3746 mensuram
814 3686 844 3746 et
855 3702 930 3763 quos
941 3686 1081 3746 auctores
1098 3683 1139 3745 sit
1151 3685 1287 3746 secutus.

207 3809 237 3852 u.
266 3790 329 3852 370
359 3785 506 3872 Αἰοάροο
532 3790 626 3869 longa
649 3791 752 3853 uocati
775 3790 944 3870 Dionysius
968 3791 1063 3852 habet
1084 3789 1288 3852 Theocritum

118 3896 171 3971 IV,
198 3897 235 3959 17
261 3891 422 3977 Αἰοάροιο
446 3897 588 3959 1111169699
611 3915 673 3959 9911
698 3897 934 3978 Lycophronem
957 3895 1036 3969 911;
1064 3896 1167 3959 breuis
1193 3914 1288 3959 uoca-

208 4162 230 4226 9)
250 4160 310 4212 814.
329 4159 381 4212 915
401 4171 502 4218 κεῖται,
522 4162 581 4214 285.
605 4161 657 4213 835
684 4163 831 4225 νέμονται,
856 4160 898 4214 75.
917 4161 949 4212 91
970 4156 1152 4217 τετάνυσται,
1171 4160 1214 4214 23,
1236 4161 1286 4213 194

119 4251 173 4305 καί,
194 4250 244 4302 619
263 4268 321 4313 μοι,
341 4251 393 4301 616
413 4249 501 4311 νῆσοι,
521 4250 572 4301 966
591 4252 627 4305 οἳ,
647 4248 697 4300 711
718 4246 825 4306 πολλοί,
845 4250 879 4300 90
900 4250 999 4320 Κριοῦ.
1020 4279 1053 4286 -
