2820 4716
594 214 811 275 -22-

117 389 278 454 eCallim.
306 391 336 452 h.
358 389 423 465 111,
455 389 516 454 108
539 391 591 453 uel
618 391 717 472 Apoll.
741 389 804 464 111,
833 390 897 455 818
924 391 1000 454 item
1028 409 1064 454 ac
1090 411 1124 454 u.
1153 392 1216 453 144
1241 387 1289 453 εἰν

117 489 174 557 άλὶ
197 498 323 580 πέτρας
351 516 388 560 ex
415 498 513 578 Apoll.
540 494 598 573 HL
624 497 709 561 1294
732 497 893 579 Periegeta
920 497 1078 581 spoHauih
1108 498 1241 562 eundem
1264 497 1288 573 1,

118 605 182 666 603
207 595 364 663 ὅσσον-
391 596 492 676 ὁλκδς
514 594 654 664 ύνύσσαι
677 605 819 669 imitatus
842 623 908 668 esse
931 604 1054 668 uidetur
1076 624 1105 667 u.
1127 605 1190 666 155
1215 596 1288 665 ἀλλ’

117 702 258 770 ὅσον-
284 702 385 782 δλκάς
408 747 449 755 -
474 700 613 771 ἀνύσσαι
640 730 741 792 neque
769 711 858 774 aliter
880 729 916 774 ac
938 711 997 787 IV,
1023 710 1107 774 1266
1131 707 1290 793 πολιῇσιν

117 809 314 898 ἐπιτροχάει
331 811 547 897 ψαμάθοισιν
566 835 596 879 11.
615 818 679 880 203
700 815 834 901 ξηρῇσιν
849 811 1044 902 ἐπιτροχάει
1062 813 1289 896 ψαμάθοισιν.

118 921 308 986 Callimacho
329 921 366 985 h.
390 924 451 985 112
473 923 549 1003 quin
572 923 683 987 debeat
703 923 841 1004 Cyrenas
862 925 948 988 urhis
968 925 1123 1007 epitheton
1141 914 1290 997 εύιππος

117 1047 147 1090 u.
164 1028 228 1091 213
246 1028 297 1110 (cf.
315 1027 350 1093 Ο.
364 1028 541 1093 Schneider.
557 1030 591 1094 in
607 1029 727 1095 Callim.
739 1031 780 1106 Π,
797 1051 826 1113 p.
840 1032 916 1110 382)
933 1031 1094 1111 eidemque
1107 1030 1149 1112 (h.
1161 1030 1216 1105 IV,
1235 1030 1289 1112 23)

117 1155 147 1200 11.
165 1136 243 1198 2451
265 1137 544 1219 περισκεπέεσσιν
560 1131 697 1220 ἐρυμνόν
712 1138 848 1202 dubitari
863 1139 917 1201 uix
931 1140 1040 1220 polest.
1075 1136 1163 1214 Quae
1180 1136 1290 1200 deinde

118 1242 156 1306 de
182 1242 351 1305 Heliadum
377 1242 582 1307 Phaethontis
613 1263 755 1307 sororum
784 1244 872 1307 luctu
899 1244 1068 1326 Dionysius
1099 1246 1224 1307 enarrat
1254 1262 1311 1336 ex,

118 1349 275 1432 Apollonii
297 1349 472 1413 imitatione
494 1351 546 1414 uel
568 1351 718 1414 memoria
740 1351 864 1414 fluxisse
888 1350 994 1414 uideas
1003 1350 1043 1432 ²):

218 1456 346 1537 Dionys.
370 1456 481 1521 11289
505 1475 589 1538 seqq.
794 1458 892 1539 Apoll.
915 1457 1015 1521 Rhod.
1040 1457 1104 1520 603
1128 1476 1213 1538 seqq.

119 1553 691 1648 ἀγχόθιπηχάιονκαλλιῤῥύοοἨρι-
956 1554 1046 1649 άμφλ
1069 1560 1105 1625 δέ
1128 1562 1246 1647 κοῦραι

27 1700 29 1705 ·
108 1708 112 1716 -
163 1665 285 1745 δανοῖο,
717 1663 891 1743 Ἡλιάδες
934 1669 1092 1754 ταναῇσιν
1136 1665 1290 1749 ἐελμέναι

119 1765 157 1837 οὗ
171 1766 249 1836 ποτ’
262 1770 321 1836 έπὶ
336 1775 519 1860 προχοῇσιν
531 1770 690 1861 ἐρημαίην
762 1769 973 1860 (δφημέναι
985 1781 1043 1839 cod.
1054 1775 1157 1859 Qnslf.)
1171 1771 1289 1856 αἰγεί-

163 1872 225 1941 άνά
242 1877 342 1942 νύκτα
762 1901 890 1966 ροισιν

118 1981 293 2061 Ἡλιάδες
311 1985 487 2050 κιύκοσαν
506 1982 689 2073 ύδορύμε-
716 1984 908 2072 μύρονται
949 1985 1107 2073 κινορδν
1149 1972 1290 2068 μέλεαι

164 2115 225 2155 ναι
251 2098 435 2157 Φαέθοντα·
762 2092 858 2175 χόον·
878 2090 914 2157 έκ
938 2093 973 2157 δέ
996 2092 1137 2180 φαεινάς

119 2197 689 2288 κεῖθιδὲΚελτιῦνπαῐδεςύφημε-
717 2194 906 2287 ἠλέκτρου
942 2198 1082 2282 λιβάδας
1113 2197 1290 2286 βλεφάρων

163 2330 225 2369 ναι
248 2305 480 2392 αἰχείροισι,
762 2305 962 2394 προχέουσιν
985 2305 1107 2394 έραζε.

119 2406 233 2498 δάκρυ’
264 2407 463 2495 άμέλχονται
490 2420 691 2500 χροσανχέος

164 2512 382 2605 ἠλέκτροιο.
1211 2594 1214 2598 ,

119 2627 304 2693 Callimachi
326 2628 380 2703 IV,
408 2629 447 2691 14
471 2626 617 2713 ,πολλὴν
644 2621 881 2709 άπομάσσεται
909 2623 1029 2703 ύδατος
1051 2621 1171 2713 άχνην“
1196 2631 1228 2692 et
1249 2628 1289 2705 IL

120 2738 161 2799 93
185 2728 271 2812 ,εἶδε
295 2729 464 2819 θειότερον
480 2727 598 2797 άλλον“
622 2756 791 2801 memorem
812 2756 844 2801 se
865 2737 1019 2820 praestitit
1033 2736 1203 2818 Dionysius
1217 2755 1288 2822 cum

120 2844 183 2907 366
208 2842 316 2907 scribit
338 2841 470 2918 ,πᾶσαν
494 2837 663 2927 ἐρεύγεται
686 2837 805 2917 ύδατος
828 2835 944 2928 άχνην“
968 2847 998 2907 et
1014 2844 1078 2906 257
1103 2839 1290 2928 ,βεώτερον

120 2941 220 3009 άλλον
243 2945 364 3034 ἰ’δηαι.“
386 2970 416 3012 11.
434 2950 497 3012 315
520 2943 680 3027 Ῥιπαίοις
704 2945 738 3012 έν
761 2941 891 3033 δ’ρεσσιν
909 2928 1060 3027 διάνδιχα
1082 2946 1290 3034 μορμύροασι

120 3055 254 3137 sumpsit
280 3056 368 3119 nullo
395 3057 546 3120 uocabulo
574 3057 635 3120 nisi
664 3048 846 3141 άπύπροθι
873 3057 905 3119 in
934 3052 1084 3133 διάνδιχα
1109 3059 1231 3121 mutato
1255 3075 1291 3119 ex

119 3163 219 3244 Apoll.
241 3161 340 3227 Rhod.
363 3162 416 3239 IV,
441 3165 519 3238 287;
544 3183 579 3227 ex
603 3163 712 3227 eodem
735 3162 775 3239 II,
796 3163 861 3227 514
882 3154 972 3247 α’μφί
990 3154 1161 3248 τ’ἐρομνήν
1178 3183 1208 3228 u.
1225 3163 1288 3226 385

119 3269 281 3351 Periegeta
302 3269 428 3352 petiuit;
452 3270 485 3333 in
503 3271 645 3351 sequenti
663 3289 755 3333 uersu
771 3266 999 3334 Callimachum
1018 3271 1060 3353 (h.
1076 3269 1130 3345 IV,
1151 3269 1206 3351 72)
1229 3261 1288 3354 ὅση

121 3371 363 3461 παρακέκλιται
386 3367 508 3460 Ἰσθμῷ
531 3379 694 3440 mutuatus
724 3378 779 3439 est.
826 3377 892 3440 Nec
916 3377 1051 3442 dubitari
1073 3379 1190 3458 potest,
1215 3377 1290 3456 quin

120 3483 288 3565 Dionysius
304 3485 403 3565 Apoll.
420 3484 474 3561 IV,
492 3484 554 3546 517
572 3479 698 3564 τύμβος
713 3474 755 3545 ἵν’
770 3476 937 3568 Ἁρμονίης
953 3479 1102 3563 Κάδμοιό
1119 3505 1155 3545 τε
1171 3505 1200 3544 κ.
1217 3506 1247 3544 τ.
1261 3481 1288 3544 λ.

120 3591 153 3653 in
186 3592 292 3654 mente
326 3589 471 3654 habuerit
505 3611 577 3655 cum
608 3611 638 3654 u.
673 3591 736 3654 391
773 3589 848 3655 dicit
881 3586 1019 3670 τύμβον,
1057 3584 1094 3651 δν
1124 3584 1314 3674 Ἁρμονίης·

121 3692 271 3776 Κάδμοιό
296 3718 332 3759 τε
355 3718 383 3757 κ.
401 3718 429 3758 τ.
448 3695 476 3757 λ.
520 3697 671 3761 Eiusdem
693 3698 846 3761 uocabula
866 3698 919 3774 IV,
943 3699 1008 3762 263
1030 3688 1180 3781 Ἀρκάδες
1201 3687 1289 3758 Ἀττι-
1318 3694 1322 3701 '

121 3800 237 3887 δανηες
253 3806 285 3868 ct
300 3804 484 3868 Callimachi
506 3806 536 3867 h.
553 3804 577 3882 Ι,
601 3804 642 3867 22
667 3797 766 3888 ύγρδς
784 3795 875 3866 Ἰάιον
890 3824 920 3868 u.
938 3804 1001 3867 415
1021 3806 1051 3868 et
1067 3803 1130 3866 416
1148 3803 1289 3888 sumpsit.

121 3911 167 3973 Ex
181 3911 348 3991 Apollonio
364 3911 389 3987 Ι,
411 3913 472 3974 367
491 3931 575 3993 seqq.
598 3912 736 3975 hortulos
759 3931 831 3975 suos
854 3911 999 3993 irrigauit
1017 3911 1104 3974 Dion.
1121 3912 1187 3974 444
1206 3930 1289 3993 seqq.

122 4016 269 4082 Conferas
291 4018 388 4099 igitur
409 4019 492 4083 inter
514 4038 546 4082 se
568 4020 660 4082 hosce
683 4037 830 4086 uersum.

210 4178 232 4245 ²)
251 4165 384 4245 Apollonii
401 4175 497 4230 Rhodii
516 4173 603 4231 locuni
621 4177 701 4230 otiam
718 4177 805 4231 Nonn.
826 4177 903 4231 Dion.
923 4177 957 4239 II,
978 4176 1029 4229 153
1048 4192 1120 4246 seqq.
1140 4176 1289 4244 XXXVIII,

122 4266 156 4318 92
174 4269 237 4319 anto
255 4266 343 4320 oculos
362 4265 485 4320 hahuisse
503 4265 646 4320 uerisimile
665 4268 713 4322 cst.
